{"type":"category","payload":{"analyticsListId":"category_10-dietetic-bio-si-international","analyticsListName":"Category - Dietetic, ECO & internațional","name":"Dietetic, ECO & internațional","slug":"10-dietetic-bio-si-international","image":null,"breadcrumbs":[{"code":"10","name":"Dietetic, ECO & internațional","slug":"10-dietetic-bio-si-international"}],"slots":[{"analyticsListId":"category-slot_1001-produse-ecologice","analyticsListName":"Category Slot - Produse ecologice","type":"products_carousel","title":"Produse ecologice","link":{"title":"Mai multe","count":700,"url":"/c/10-dietetic-bio-si-international/1001-produse-ecologice"},"products":[{"code":"100075493","variantCode":"8001440126826","name":"Pastă de roșii eco 700g","slug":"100075493-valfrutta-pasta-de-rosii-eco-700g","unitPriceLabel":"15,7 Lei/kg","brand":"Valfrutta","brandCode":"962","brandFilterCode":"valfrutta-b976","sku":"100075493","price":10.99,"originalPrice":11.99,"currencyCode":"RON","currency":"Lei","image":{"thumbnail":{"default":"https://cdn.freshful.ro/media/cache/sylius_shop_product_thumbnail/c8/ee/0ea1b51974985c8daa2f25625e36.jpg"},"large":{"default":"https://cdn.freshful.ro/media/cache/freshful_large/c8/ee/0ea1b51974985c8daa2f25625e36.jpg"},"extralarge":{"default":"https://cdn.freshful.ro/media/cache/sylius_shop_product_original/c8/ee/0ea1b51974985c8daa2f25625e36.jpg"}},"label":{"text":"-8%","backgroundColor":"#FF9903","textColor":"#FFFFFF"},"tags":[{"type":"Eco","text":"Eco","icon":"https://cdn.freshful.ro/assets/product_tags/eco.svg","iconPng":"https://cdn.freshful.ro/assets/product_tags/eco.png","backgroundColor":"#EFFBE4","textColor":"#66BB1B"},{"type":"vegan","text":"Vegan","icon":"https://cdn.freshful.ro/assets/product_tags/vegan.svg","iconPng":"https://cdn.freshful.ro/assets/product_tags/vegan.png","backgroundColor":"#ECF9F8","textColor":"#33A39C"}],"isAvailable":true,"maxAvailableQuantity":100,"maxAllowedQuantity":100,"breadcrumbs":[{"code":"10","name":"Dietetic, ECO & internațional","slug":"10-dietetic-bio-si-international"},{"code":"1001","name":"Produse ecologice","slug":"1001-produse-ecologice"},{"code":"100101","name":"Condimente și sosuri ECO","slug":"100101-eco-condimente-si-sosuri"},{"code":"100075493","name":"Pastă de roșii eco 700g","slug":"100075493-valfrutta-pasta-de-rosii-eco-700g"}],"activePromotion":{"code":"oferte-bacanie-bauturi-21feb-8mar23","name":"Preț redus","targetQuantity":null},"saveMe":null,"labels":[{"type":"v1","items":[{"text":"-8%","backgroundColor":"#FF9903","textColor":"#FFFFFF"}]}],"geniusPrice":null,"geniusUnitPricePerLabel":null,"banner":{"text":"Super preț","textColor":"#FF0000","bgColor":"#FFF2EC","icon":null,"link":"https://www.freshful.ro/oferte/oferte-bacanie-bauturi-21feb-8mar23","type":"promo","analyticsEventType":"select_promotion","analyticsEventPayload":{"promotion_id":"oferte-bacanie-bauturi-21feb-8mar23","promotion_name":"Cămara cu băuturi și bunătăți"}},"discountLabel":"Economisești 8%","geniusDiscountLabel":null,"badge":null},{"code":"100081590","variantCode":"6426284000125","name":"Semințe ecologice de chia 125g","slug":"100081590-niavis-seminte-ecologice-de-chia-125g","unitPriceLabel":"135,92 Lei/kg","brand":"Niavis","brandCode":"190","brandFilterCode":"niavis-b191","sku":"100081590","price":16.99,"originalPrice":null,"currencyCode":"RON","currency":"Lei","image":{"thumbnail":{"default":"https://cdn.freshful.ro/media/cache/sylius_shop_product_thumbnail/6b/6a/1e6dc15bb0758653d063a089615f.jpg"},"large":{"default":"https://cdn.freshful.ro/media/cache/freshful_large/6b/6a/1e6dc15bb0758653d063a089615f.jpg"},"extralarge":{"default":"https://cdn.freshful.ro/media/cache/sylius_shop_product_original/6b/6a/1e6dc15bb0758653d063a089615f.jpg"}},"label":{"text":"-20% cu Genius","backgroundColor":"#FEF3FA","textColor":"#CD015F"},"tags":[{"type":"vegan","text":"Vegan","icon":"https://cdn.freshful.ro/assets/product_tags/vegan.svg","iconPng":"https://cdn.freshful.ro/assets/product_tags/vegan.png","backgroundColor":"#ECF9F8","textColor":"#33A39C"},{"type":"NoGluten","text":"Fara gluten","icon":"https://cdn.freshful.ro/assets/product_tags/fara_gluten.svg","iconPng":"https://cdn.freshful.ro/assets/product_tags/fara_gluten.png","backgroundColor":"#FFF2E5","textColor":"#F07900"},{"type":"Eco","text":"Eco","icon":"https://cdn.freshful.ro/assets/product_tags/eco.svg","iconPng":"https://cdn.freshful.ro/assets/product_tags/eco.png","backgroundColor":"#EFFBE4","textColor":"#66BB1B"}],"isAvailable":true,"maxAvailableQuantity":44,"maxAllowedQuantity":100,"breadcrumbs":[{"code":"10","name":"Dietetic, ECO & internațional","slug":"10-dietetic-bio-si-international"},{"code":"1001","name":"Produse ecologice","slug":"1001-produse-ecologice"},{"code":"100104","name":"Ingrediente ECO","slug":"100104-eco-ingrediente"},{"code":"100081590","name":"Semințe ecologice de chia 125g","slug":"100081590-niavis-seminte-ecologice-de-chia-125g"}],"activePromotion":null,"saveMe":null,"labels":[{"type":"gdeals","items":[{"text":"","backgroundColor":"","textColor":""}]},{"type":"v3","items":[{"text":"-20% cu Genius","backgroundColor":"#FEF3FA","textColor":"#CD015F"}]}],"geniusPrice":13.59,"geniusUnitPricePerLabel":"108,72 Lei/kg","banner":null,"discountLabel":null,"geniusDiscountLabel":"Economisești 20%","badge":null},{"code":"100131786","variantCode":"100131786","name":"Griș de porumb eco (mălai) 500g ","slug":"100131786-verival-gris-de-porumb-eco-malai-500g","unitPriceLabel":"22,98 Lei/kg","brand":"Verival","brandCode":"958","brandFilterCode":"verival-b972","sku":"100131786","price":11.49,"originalPrice":null,"currencyCode":"RON","currency":"Lei","image":{"thumbnail":{"default":"https://cdn.freshful.ro/media/cache/sylius_shop_product_thumbnail/a8/c2/c525c432c39afef1991163369fcc.jpg"},"large":{"default":"https://cdn.freshful.ro/media/cache/freshful_large/a8/c2/c525c432c39afef1991163369fcc.jpg"},"extralarge":{"default":"https://cdn.freshful.ro/media/cache/sylius_shop_product_original/a8/c2/c525c432c39afef1991163369fcc.jpg"}},"label":{"text":"Profită acum","backgroundColor":"#FF9903","textColor":"#FFFFFF"},"tags":[{"type":"Eco","text":"Eco","icon":"https://cdn.freshful.ro/assets/product_tags/eco.svg","iconPng":"https://cdn.freshful.ro/assets/product_tags/eco.png","backgroundColor":"#EFFBE4","textColor":"#66BB1B"}],"isAvailable":true,"maxAvailableQuantity":100,"maxAllowedQuantity":100,"breadcrumbs":[{"code":"10","name":"Dietetic, ECO & internațional","slug":"10-dietetic-bio-si-international"},{"code":"1001","name":"Produse ecologice","slug":"1001-produse-ecologice"},{"code":"100101","name":"Condimente și sosuri ECO","slug":"100101-eco-condimente-si-sosuri"},{"code":"100131786","name":"Griș de porumb eco (mălai) 500g ","slug":"100131786-verival-gris-de-porumb-eco-malai-500g"}],"activePromotion":{"code":"oferte-bacanie-bauturi-21feb-8mar23","name":"Preț avantajos","targetQuantity":null},"saveMe":null,"labels":[{"type":"v1","items":[{"text":"Profită acum","backgroundColor":"#FF9903","textColor":"#FFFFFF"}]}],"geniusPrice":null,"geniusUnitPricePerLabel":null,"banner":{"text":"Preț avantajos","textColor":"#F95510","bgColor":"#FEF1CD","icon":null,"link":"https://www.freshful.ro/oferte/oferte-bacanie-bauturi-21feb-8mar23","type":"promo","analyticsEventType":"select_promotion","analyticsEventPayload":{"promotion_id":"oferte-bacanie-bauturi-21feb-8mar23","promotion_name":"Cămara cu băuturi și bunătăți"}},"discountLabel":null,"geniusDiscountLabel":null,"badge":null},{"code":"100139349","variantCode":"100139349","name":"Făină de ovăz ecologică 500g","slug":"100139349-niavis-faina-de-ovaz-ecologica-500g","unitPriceLabel":"23,98 Lei/kg","brand":"Niavis","brandCode":"190","brandFilterCode":"niavis-b191","sku":"100139349","price":11.99,"originalPrice":15.99,"currencyCode":"RON","currency":"Lei","image":{"thumbnail":{"default":"https://cdn.freshful.ro/media/cache/sylius_shop_product_thumbnail/4b/0e/67c960d7e4cca3740e7de1c91ac4.jpg"},"large":{"default":"https://cdn.freshful.ro/media/cache/freshful_large/4b/0e/67c960d7e4cca3740e7de1c91ac4.jpg"},"extralarge":{"default":"https://cdn.freshful.ro/media/cache/sylius_shop_product_original/4b/0e/67c960d7e4cca3740e7de1c91ac4.jpg"}},"label":{"text":"-25%","backgroundColor":"#FF9903","textColor":"#FFFFFF"},"tags":[{"type":"Eco","text":"Eco","icon":"https://cdn.freshful.ro/assets/product_tags/eco.svg","iconPng":"https://cdn.freshful.ro/assets/product_tags/eco.png","backgroundColor":"#EFFBE4","textColor":"#66BB1B"},{"type":"vegan","text":"Vegan","icon":"https://cdn.freshful.ro/assets/product_tags/vegan.svg","iconPng":"https://cdn.freshful.ro/assets/product_tags/vegan.png","backgroundColor":"#ECF9F8","textColor":"#33A39C"}],"isAvailable":true,"maxAvailableQuantity":54,"maxAllowedQuantity":100,"breadcrumbs":[{"code":"10","name":"Dietetic, ECO & internațional","slug":"10-dietetic-bio-si-international"},{"code":"1001","name":"Produse ecologice","slug":"1001-produse-ecologice"},{"code":"100104","name":"Ingrediente ECO","slug":"100104-eco-ingrediente"},{"code":"100139349","name":"Făină de ovăz ecologică 500g","slug":"100139349-niavis-faina-de-ovaz-ecologica-500g"}],"activePromotion":{"code":"oferte-bacanie-bauturi-21feb-8mar23","name":"Preț redus","targetQuantity":null},"saveMe":null,"labels":[{"type":"v1","items":[{"text":"-25%","backgroundColor":"#FF9903","textColor":"#FFFFFF"}]}],"geniusPrice":null,"geniusUnitPricePerLabel":null,"banner":{"text":"Super preț","textColor":"#FF0000","bgColor":"#FFF2EC","icon":null,"link":"https://www.freshful.ro/oferte/oferte-bacanie-bauturi-21feb-8mar23","type":"promo","analyticsEventType":"select_promotion","analyticsEventPayload":{"promotion_id":"oferte-bacanie-bauturi-21feb-8mar23","promotion_name":"Cămara cu băuturi și bunătăți"}},"discountLabel":"Economisești 25%","geniusDiscountLabel":null,"badge":null},{"code":"100075550","variantCode":"4000381004334","name":"Sticks cu sare eco 175g","slug":"100075550-huober-sticks-cu-sare-eco-175g","unitPriceLabel":"34,23 Lei/kg","brand":"Huober","brandCode":"970","brandFilterCode":"huober-b984","sku":"100075550","price":5.99,"originalPrice":6.9,"currencyCode":"RON","currency":"Lei","image":{"thumbnail":{"default":"https://cdn.freshful.ro/media/cache/sylius_shop_product_thumbnail/dc/0b/c7f1415729a5148e02f6c008081d.jpg"},"large":{"default":"https://cdn.freshful.ro/media/cache/freshful_large/dc/0b/c7f1415729a5148e02f6c008081d.jpg"},"extralarge":{"default":"https://cdn.freshful.ro/media/cache/sylius_shop_product_original/dc/0b/c7f1415729a5148e02f6c008081d.jpg"}},"label":{"text":"-13%","backgroundColor":"#FF9903","textColor":"#FFFFFF"},"tags":[{"type":"Eco","text":"Eco","icon":"https://cdn.freshful.ro/assets/product_tags/eco.svg","iconPng":"https://cdn.freshful.ro/assets/product_tags/eco.png","backgroundColor":"#EFFBE4","textColor":"#66BB1B"}],"isAvailable":true,"maxAvailableQuantity":39,"maxAllowedQuantity":100,"breadcrumbs":[{"code":"10","name":"Dietetic, ECO & internațional","slug":"10-dietetic-bio-si-international"},{"code":"1001","name":"Produse ecologice","slug":"1001-produse-ecologice"},{"code":"100105","name":"Snacks ECO","slug":"100105-eco-snacking"},{"code":"100075550","name":"Sticks cu sare eco 175g","slug":"100075550-huober-sticks-cu-sare-eco-175g"}],"activePromotion":{"code":"targ-bere-snacks-mar23","name":"Preț redus","targetQuantity":null},"saveMe":null,"labels":[{"type":"v1","items":[{"text":"-13%","backgroundColor":"#FF9903","textColor":"#FFFFFF"}]}],"geniusPrice":null,"geniusUnitPricePerLabel":null,"banner":{"text":"Super preț","textColor":"#FF0000","bgColor":"#FFF2EC","icon":null,"link":"https://www.freshful.ro/oferte/targ-bere-snacks-mar23","type":"promo","analyticsEventType":"select_promotion","analyticsEventPayload":{"promotion_id":"targ-bere-snacks-mar23","promotion_name":"Bere și snackuri pentru toate gusturile"}},"discountLabel":"Economisești 13%","geniusDiscountLabel":null,"badge":null},{"code":"100075554","variantCode":"4000381003016","name":"Covrigei cu sare Minis eco 40g","slug":"100075554-huober-covrigei-cu-sare-minis-eco-40g","unitPriceLabel":"59,75 Lei/kg","brand":"Huober","brandCode":"970","brandFilterCode":"huober-b984","sku":"100075554","price":2.39,"originalPrice":2.65,"currencyCode":"RON","currency":"Lei","image":{"thumbnail":{"default":"https://cdn.freshful.ro/media/cache/sylius_shop_product_thumbnail/3a/e6/c3a8ae0bb2eb465945c61d710c30.jpg"},"large":{"default":"https://cdn.freshful.ro/media/cache/freshful_large/3a/e6/c3a8ae0bb2eb465945c61d710c30.jpg"},"extralarge":{"default":"https://cdn.freshful.ro/media/cache/sylius_shop_product_original/3a/e6/c3a8ae0bb2eb465945c61d710c30.jpg"}},"label":{"text":"-9%","backgroundColor":"#FF9903","textColor":"#FFFFFF"},"tags":[{"type":"Eco","text":"Eco","icon":"https://cdn.freshful.ro/assets/product_tags/eco.svg","iconPng":"https://cdn.freshful.ro/assets/product_tags/eco.png","backgroundColor":"#EFFBE4","textColor":"#66BB1B"}],"isAvailable":true,"maxAvailableQuantity":34,"maxAllowedQuantity":100,"breadcrumbs":[{"code":"10","name":"Dietetic, ECO & internațional","slug":"10-dietetic-bio-si-international"},{"code":"1001","name":"Produse ecologice","slug":"1001-produse-ecologice"},{"code":"100105","name":"Snacks ECO","slug":"100105-eco-snacking"},{"code":"100075554","name":"Covrigei cu sare Minis eco 40g","slug":"100075554-huober-covrigei-cu-sare-minis-eco-40g"}],"activePromotion":{"code":"targ-bere-snacks-mar23","name":"Preț redus","targetQuantity":null},"saveMe":null,"labels":[{"type":"v1","items":[{"text":"-9%","backgroundColor":"#FF9903","textColor":"#FFFFFF"}]}],"geniusPrice":null,"geniusUnitPricePerLabel":null,"banner":{"text":"Super preț","textColor":"#FF0000","bgColor":"#FFF2EC","icon":null,"link":"https://www.freshful.ro/oferte/targ-bere-snacks-mar23","type":"promo","analyticsEventType":"select_promotion","analyticsEventPayload":{"promotion_id":"targ-bere-snacks-mar23","promotion_name":"Bere și snackuri pentru toate gusturile"}},"discountLabel":"Economisești 9%","geniusDiscountLabel":null,"badge":null},{"code":"100075558","variantCode":"4000381102009","name":"Covrig eco 40g","slug":"100075558-huober-covrig-eco-40g","unitPriceLabel":"72,25 Lei/kg","brand":"Huober","brandCode":"970","brandFilterCode":"huober-b984","sku":"100075558","price":2.89,"originalPrice":3.15,"currencyCode":"RON","currency":"Lei","image":{"thumbnail":{"default":"https://cdn.freshful.ro/media/cache/sylius_shop_product_thumbnail/38/61/310be997380df46ef9594f7464e1.jpg"},"large":{"default":"https://cdn.freshful.ro/media/cache/freshful_large/38/61/310be997380df46ef9594f7464e1.jpg"},"extralarge":{"default":"https://cdn.freshful.ro/media/cache/sylius_shop_product_original/38/61/310be997380df46ef9594f7464e1.jpg"}},"label":{"text":"-8%","backgroundColor":"#FF9903","textColor":"#FFFFFF"},"tags":[{"type":"Eco","text":"Eco","icon":"https://cdn.freshful.ro/assets/product_tags/eco.svg","iconPng":"https://cdn.freshful.ro/assets/product_tags/eco.png","backgroundColor":"#EFFBE4","textColor":"#66BB1B"}],"isAvailable":true,"maxAvailableQuantity":69,"maxAllowedQuantity":100,"breadcrumbs":[{"code":"10","name":"Dietetic, ECO & internațional","slug":"10-dietetic-bio-si-international"},{"code":"1001","name":"Produse ecologice","slug":"1001-produse-ecologice"},{"code":"100105","name":"Snacks ECO","slug":"100105-eco-snacking"},{"code":"100075558","name":"Covrig eco 40g","slug":"100075558-huober-covrig-eco-40g"}],"activePromotion":{"code":"targ-bere-snacks-mar23","name":"Preț redus","targetQuantity":null},"saveMe":null,"labels":[{"type":"v1","items":[{"text":"-8%","backgroundColor":"#FF9903","textColor":"#FFFFFF"}]}],"geniusPrice":null,"geniusUnitPricePerLabel":null,"banner":{"text":"Super preț","textColor":"#FF0000","bgColor":"#FFF2EC","icon":null,"link":"https://www.freshful.ro/oferte/targ-bere-snacks-mar23","type":"promo","analyticsEventType":"select_promotion","analyticsEventPayload":{"promotion_id":"targ-bere-snacks-mar23","promotion_name":"Bere și snackuri pentru toate gusturile"}},"discountLabel":"Economisești 8%","geniusDiscountLabel":null,"badge":null},{"code":"100075549","variantCode":"4000381002019","name":"Covrigi sărați eco 125g","slug":"100075549-huober-covrigi-sarati-eco-125g","unitPriceLabel":"59,92 Lei/kg","brand":"Huober","brandCode":"970","brandFilterCode":"huober-b984","sku":"100075549","price":7.49,"originalPrice":8.55,"currencyCode":"RON","currency":"Lei","image":{"thumbnail":{"default":"https://cdn.freshful.ro/media/cache/sylius_shop_product_thumbnail/24/01/2ce83c4a35315e0d4a64c52eddbf.jpg"},"large":{"default":"https://cdn.freshful.ro/media/cache/freshful_large/24/01/2ce83c4a35315e0d4a64c52eddbf.jpg"},"extralarge":{"default":"https://cdn.freshful.ro/media/cache/sylius_shop_product_original/24/01/2ce83c4a35315e0d4a64c52eddbf.jpg"}},"label":{"text":"-12%","backgroundColor":"#FF9903","textColor":"#FFFFFF"},"tags":[{"type":"Eco","text":"Eco","icon":"https://cdn.freshful.ro/assets/product_tags/eco.svg","iconPng":"https://cdn.freshful.ro/assets/product_tags/eco.png","backgroundColor":"#EFFBE4","textColor":"#66BB1B"}],"isAvailable":true,"maxAvailableQuantity":57,"maxAllowedQuantity":100,"breadcrumbs":[{"code":"10","name":"Dietetic, ECO & internațional","slug":"10-dietetic-bio-si-international"},{"code":"1001","name":"Produse ecologice","slug":"1001-produse-ecologice"},{"code":"100105","name":"Snacks ECO","slug":"100105-eco-snacking"},{"code":"100075549","name":"Covrigi sărați eco 125g","slug":"100075549-huober-covrigi-sarati-eco-125g"}],"activePromotion":{"code":"targ-bere-snacks-mar23","name":"Preț redus","targetQuantity":null},"saveMe":null,"labels":[{"type":"v1","items":[{"text":"-12%","backgroundColor":"#FF9903","textColor":"#FFFFFF"}]}],"geniusPrice":null,"geniusUnitPricePerLabel":null,"banner":{"text":"Super preț","textColor":"#FF0000","bgColor":"#FFF2EC","icon":null,"link":"https://www.freshful.ro/oferte/targ-bere-snacks-mar23","type":"promo","analyticsEventType":"select_promotion","analyticsEventPayload":{"promotion_id":"targ-bere-snacks-mar23","promotion_name":"Bere și snackuri pentru toate gusturile"}},"discountLabel":"Economisești 12%","geniusDiscountLabel":null,"badge":null},{"code":"100144378","variantCode":"100144378","name":"Jeleuri ecologice animaluțe 100g","slug":"100144378-niavis-jeleuri-ecologice-animalute-100g","unitPriceLabel":"124,9 Lei/kg","brand":"Niavis","brandCode":"190","brandFilterCode":"niavis-b191","sku":"100144378","price":12.49,"originalPrice":16.99,"currencyCode":"RON","currency":"Lei","image":{"thumbnail":{"default":"https://cdn.freshful.ro/media/cache/sylius_shop_product_thumbnail/e4/63/c5285d6878634d82f9443efbe700.jpg"},"large":{"default":"https://cdn.freshful.ro/media/cache/freshful_large/e4/63/c5285d6878634d82f9443efbe700.jpg"},"extralarge":{"default":"https://cdn.freshful.ro/media/cache/sylius_shop_product_original/e4/63/c5285d6878634d82f9443efbe700.jpg"}},"label":{"text":"-26%","backgroundColor":"#FF9903","textColor":"#FFFFFF"},"tags":[{"type":"NoGluten","text":"Fara gluten","icon":"https://cdn.freshful.ro/assets/product_tags/fara_gluten.svg","iconPng":"https://cdn.freshful.ro/assets/product_tags/fara_gluten.png","backgroundColor":"#FFF2E5","textColor":"#F07900"},{"type":"LactoseFree","text":"Fara lactoza","icon":"https://cdn.freshful.ro/assets/product_tags/fara_lactoza.svg","iconPng":"https://cdn.freshful.ro/assets/product_tags/fara_lactoza.png","backgroundColor":"#E9F7FB","textColor":"#25A6D0"}],"isAvailable":true,"maxAvailableQuantity":16,"maxAllowedQuantity":100,"breadcrumbs":[{"code":"10","name":"Dietetic, ECO & internațional","slug":"10-dietetic-bio-si-international"},{"code":"1001","name":"Produse ecologice","slug":"1001-produse-ecologice"},{"code":"100105","name":"Snacks ECO","slug":"100105-eco-snacking"},{"code":"100144378","name":"Jeleuri ecologice animaluțe 100g","slug":"100144378-niavis-jeleuri-ecologice-animalute-100g"}],"activePromotion":{"code":"oferte-bacanie-bauturi-21feb-8mar23","name":"Preț redus","targetQuantity":null},"saveMe":null,"labels":[{"type":"v1","items":[{"text":"-26%","backgroundColor":"#FF9903","textColor":"#FFFFFF"}]}],"geniusPrice":null,"geniusUnitPricePerLabel":null,"banner":{"text":"Super preț","textColor":"#FF0000","bgColor":"#FFF2EC","icon":null,"link":"https://www.freshful.ro/oferte/oferte-bacanie-bauturi-21feb-8mar23","type":"promo","analyticsEventType":"select_promotion","analyticsEventPayload":{"promotion_id":"oferte-bacanie-bauturi-21feb-8mar23","promotion_name":"Cămara cu băuturi și bunătăți"}},"discountLabel":"Economisești 26%","geniusDiscountLabel":null,"badge":null},{"code":"100075551","variantCode":"4000381003030","name":"Covrigei crocanți svăbești eco 175g","slug":"100075551-huober-covrigei-crocanti-svabesti-eco-175g","unitPriceLabel":"45,66 Lei/kg","brand":"Huober","brandCode":"970","brandFilterCode":"huober-b984","sku":"100075551","price":7.99,"originalPrice":8.89,"currencyCode":"RON","currency":"Lei","image":{"thumbnail":{"default":"https://cdn.freshful.ro/media/cache/sylius_shop_product_thumbnail/a1/c1/dd7aacf8b521dc03e27a46023f23.jpg"},"large":{"default":"https://cdn.freshful.ro/media/cache/freshful_large/a1/c1/dd7aacf8b521dc03e27a46023f23.jpg"},"extralarge":{"default":"https://cdn.freshful.ro/media/cache/sylius_shop_product_original/a1/c1/dd7aacf8b521dc03e27a46023f23.jpg"}},"label":{"text":"-10%","backgroundColor":"#FF9903","textColor":"#FFFFFF"},"tags":[{"type":"Eco","text":"Eco","icon":"https://cdn.freshful.ro/assets/product_tags/eco.svg","iconPng":"https://cdn.freshful.ro/assets/product_tags/eco.png","backgroundColor":"#EFFBE4","textColor":"#66BB1B"}],"isAvailable":true,"maxAvailableQuantity":38,"maxAllowedQuantity":100,"breadcrumbs":[{"code":"10","name":"Dietetic, ECO & internațional","slug":"10-dietetic-bio-si-international"},{"code":"1001","name":"Produse ecologice","slug":"1001-produse-ecologice"},{"code":"100105","name":"Snacks ECO","slug":"100105-eco-snacking"},{"code":"100075551","name":"Covrigei crocanți svăbești eco 175g","slug":"100075551-huober-covrigei-crocanti-svabesti-eco-175g"}],"activePromotion":{"code":"targ-bere-snacks-mar23","name":"Preț redus","targetQuantity":null},"saveMe":null,"labels":[{"type":"v1","items":[{"text":"-10%","backgroundColor":"#FF9903","textColor":"#FFFFFF"}]}],"geniusPrice":null,"geniusUnitPricePerLabel":null,"banner":{"text":"Super preț","textColor":"#FF0000","bgColor":"#FFF2EC","icon":null,"link":"https://www.freshful.ro/oferte/targ-bere-snacks-mar23","type":"promo","analyticsEventType":"select_promotion","analyticsEventPayload":{"promotion_id":"targ-bere-snacks-mar23","promotion_name":"Bere și snackuri pentru toate gusturile"}},"discountLabel":"Economisești 10%","geniusDiscountLabel":null,"badge":null}]},{"analyticsListId":"category-slot_1002-produse-dietetice-si-naturiste","analyticsListName":"Category Slot - Produse dietetice și naturiste","type":"products_carousel","title":"Produse dietetice și naturiste","link":{"title":"Mai multe","count":424,"url":"/c/10-dietetic-bio-si-international/1002-produse-dietetice-si-naturiste"},"products":[{"code":"100081547","variantCode":"6426284000613","name":"Fulgi de ovăz ecologici fără gluten 250g","slug":"100081547-niavis-fulgi-de-ovaz-ecologici-fara-gluten-250g","unitPriceLabel":"67,96 Lei/kg","brand":"Niavis","brandCode":"190","brandFilterCode":"niavis-b191","sku":"100081547","price":16.99,"originalPrice":null,"currencyCode":"RON","currency":"Lei","image":{"thumbnail":{"default":"https://cdn.freshful.ro/media/cache/sylius_shop_product_thumbnail/58/49/d3a05c782a8c2b35aeb28f6270ae.jpg"},"large":{"default":"https://cdn.freshful.ro/media/cache/freshful_large/58/49/d3a05c782a8c2b35aeb28f6270ae.jpg"},"extralarge":{"default":"https://cdn.freshful.ro/media/cache/sylius_shop_product_original/58/49/d3a05c782a8c2b35aeb28f6270ae.jpg"}},"label":{"text":"-20% cu Genius","backgroundColor":"#FEF3FA","textColor":"#CD015F"},"tags":[{"type":"vegan","text":"Vegan","icon":"https://cdn.freshful.ro/assets/product_tags/vegan.svg","iconPng":"https://cdn.freshful.ro/assets/product_tags/vegan.png","backgroundColor":"#ECF9F8","textColor":"#33A39C"},{"type":"NoGluten","text":"Fara gluten","icon":"https://cdn.freshful.ro/assets/product_tags/fara_gluten.svg","iconPng":"https://cdn.freshful.ro/assets/product_tags/fara_gluten.png","backgroundColor":"#FFF2E5","textColor":"#F07900"},{"type":"Eco","text":"Eco","icon":"https://cdn.freshful.ro/assets/product_tags/eco.svg","iconPng":"https://cdn.freshful.ro/assets/product_tags/eco.png","backgroundColor":"#EFFBE4","textColor":"#66BB1B"}],"isAvailable":true,"maxAvailableQuantity":69,"maxAllowedQuantity":100,"breadcrumbs":[{"code":"10","name":"Dietetic, ECO & internațional","slug":"10-dietetic-bio-si-international"},{"code":"1002","name":"Produse dietetice și naturiste","slug":"1002-produse-dietetice-si-naturiste"},{"code":"100201","name":"Produse fără gluten","slug":"100201-produse-fara-gluten"},{"code":"100081547","name":"Fulgi de ovăz ecologici fără gluten 250g","slug":"100081547-niavis-fulgi-de-ovaz-ecologici-fara-gluten-250g"}],"activePromotion":null,"saveMe":null,"labels":[{"type":"gdeals","items":[{"text":"","backgroundColor":"","textColor":""}]},{"type":"v3","items":[{"text":"-20% cu Genius","backgroundColor":"#FEF3FA","textColor":"#CD015F"}]}],"geniusPrice":13.59,"geniusUnitPricePerLabel":"54,36 Lei/kg","banner":null,"discountLabel":null,"geniusDiscountLabel":"Economisești 20%","badge":null},{"code":"100075559","variantCode":"8710277720410","name":"Compot de ananas fără zahăr 340g","slug":"100075559-aarts-compot-de-ananas-fara-zahar-340g","unitPriceLabel":"44,09 Lei/kg","brand":"Aarts","brandCode":"971","brandFilterCode":"aarts-b985","sku":"100075559","price":14.99,"originalPrice":17.49,"currencyCode":"RON","currency":"Lei","image":{"thumbnail":{"default":"https://cdn.freshful.ro/media/cache/sylius_shop_product_thumbnail/9c/d3/692a25bd519b6ed78d7a822a68e0.jpg"},"large":{"default":"https://cdn.freshful.ro/media/cache/freshful_large/9c/d3/692a25bd519b6ed78d7a822a68e0.jpg"},"extralarge":{"default":"https://cdn.freshful.ro/media/cache/sylius_shop_product_original/9c/d3/692a25bd519b6ed78d7a822a68e0.jpg"}},"label":{"text":"-14%","backgroundColor":"#FF9903","textColor":"#FFFFFF"},"tags":[{"type":"NoAddedSugar","text":"Fara zahar adaugat","icon":"https://cdn.freshful.ro/assets/product_tags/fara_zahar_adaugat.svg","iconPng":"https://cdn.freshful.ro/assets/product_tags/fara_zahar_adaugat.png","backgroundColor":"#F8EDF7","textColor":"#C05EBC"}],"isAvailable":true,"maxAvailableQuantity":100,"maxAllowedQuantity":100,"breadcrumbs":[{"code":"10","name":"Dietetic, ECO & internațional","slug":"10-dietetic-bio-si-international"},{"code":"1002","name":"Produse dietetice și naturiste","slug":"1002-produse-dietetice-si-naturiste"},{"code":"100202","name":"Produse fără zahăr","slug":"100202-produse-fara-zahar"},{"code":"100075559","name":"Compot de ananas fără zahăr 340g","slug":"100075559-aarts-compot-de-ananas-fara-zahar-340g"}],"activePromotion":{"code":"special-produse-vegane-mar23","name":"Preț redus","targetQuantity":null},"saveMe":null,"labels":[{"type":"v1","items":[{"text":"-14%","backgroundColor":"#FF9903","textColor":"#FFFFFF"}]}],"geniusPrice":null,"geniusUnitPricePerLabel":null,"banner":{"text":"Super preț","textColor":"#FF0000","bgColor":"#FFF2EC","icon":null,"link":"https://www.freshful.ro/oferte/special-produse-vegane-mar23","type":"promo","analyticsEventType":"select_promotion","analyticsEventPayload":{"promotion_id":"special-produse-vegane-mar23","promotion_name":"Și bun, și de post"}},"discountLabel":"Economisești 14%","geniusDiscountLabel":null,"badge":null},{"code":"100075560","variantCode":"8710277719414","name":"Compot de piersici fără zahăr 340g","slug":"100075560-aarts-compot-de-piersici-fara-zahar-340g","unitPriceLabel":"42,83 Lei/kg","brand":"Aarts","brandCode":"971","brandFilterCode":"aarts-b985","sku":"100075560","price":14.99,"originalPrice":18.49,"currencyCode":"RON","currency":"Lei","image":{"thumbnail":{"default":"https://cdn.freshful.ro/media/cache/sylius_shop_product_thumbnail/a5/97/bd0301b127269be656e9e745cca9.jpg"},"large":{"default":"https://cdn.freshful.ro/media/cache/freshful_large/a5/97/bd0301b127269be656e9e745cca9.jpg"},"extralarge":{"default":"https://cdn.freshful.ro/media/cache/sylius_shop_product_original/a5/97/bd0301b127269be656e9e745cca9.jpg"}},"label":{"text":"-18%","backgroundColor":"#FF9903","textColor":"#FFFFFF"},"tags":[{"type":"NoAddedSugar","text":"Fara zahar adaugat","icon":"https://cdn.freshful.ro/assets/product_tags/fara_zahar_adaugat.svg","iconPng":"https://cdn.freshful.ro/assets/product_tags/fara_zahar_adaugat.png","backgroundColor":"#F8EDF7","textColor":"#C05EBC"}],"isAvailable":true,"maxAvailableQuantity":100,"maxAllowedQuantity":100,"breadcrumbs":[{"code":"10","name":"Dietetic, ECO & internațional","slug":"10-dietetic-bio-si-international"},{"code":"1002","name":"Produse dietetice și naturiste","slug":"1002-produse-dietetice-si-naturiste"},{"code":"100202","name":"Produse fără zahăr","slug":"100202-produse-fara-zahar"},{"code":"100075560","name":"Compot de piersici fără zahăr 340g","slug":"100075560-aarts-compot-de-piersici-fara-zahar-340g"}],"activePromotion":{"code":"special-produse-vegane-mar23","name":"Preț redus","targetQuantity":null},"saveMe":null,"labels":[{"type":"v1","items":[{"text":"-18%","backgroundColor":"#FF9903","textColor":"#FFFFFF"}]}],"geniusPrice":null,"geniusUnitPricePerLabel":null,"banner":{"text":"Super preț","textColor":"#FF0000","bgColor":"#FFF2EC","icon":null,"link":"https://www.freshful.ro/oferte/special-produse-vegane-mar23","type":"promo","analyticsEventType":"select_promotion","analyticsEventPayload":{"promotion_id":"special-produse-vegane-mar23","promotion_name":"Și bun, și de post"}},"discountLabel":"Economisești 18%","geniusDiscountLabel":null,"badge":null},{"code":"100075561","variantCode":"8710277722483","name":"Compot de vișine fără zahăr 350g","slug":"100075561-aarts-compot-de-visine-fara-zahar-350g","unitPriceLabel":"37,11 Lei/kg","brand":"Aarts","brandCode":"971","brandFilterCode":"aarts-b985","sku":"100075561","price":12.99,"originalPrice":16.99,"currencyCode":"RON","currency":"Lei","image":{"thumbnail":{"default":"https://cdn.freshful.ro/media/cache/sylius_shop_product_thumbnail/85/61/c090da74fbf5e74c04938325070c.jpg"},"large":{"default":"https://cdn.freshful.ro/media/cache/freshful_large/85/61/c090da74fbf5e74c04938325070c.jpg"},"extralarge":{"default":"https://cdn.freshful.ro/media/cache/sylius_shop_product_original/85/61/c090da74fbf5e74c04938325070c.jpg"}},"label":{"text":"-23%","backgroundColor":"#FF9903","textColor":"#FFFFFF"},"tags":[{"type":"NoAddedSugar","text":"Fara zahar adaugat","icon":"https://cdn.freshful.ro/assets/product_tags/fara_zahar_adaugat.svg","iconPng":"https://cdn.freshful.ro/assets/product_tags/fara_zahar_adaugat.png","backgroundColor":"#F8EDF7","textColor":"#C05EBC"}],"isAvailable":true,"maxAvailableQuantity":55,"maxAllowedQuantity":100,"breadcrumbs":[{"code":"10","name":"Dietetic, ECO & internațional","slug":"10-dietetic-bio-si-international"},{"code":"1002","name":"Produse dietetice și naturiste","slug":"1002-produse-dietetice-si-naturiste"},{"code":"100202","name":"Produse fără zahăr","slug":"100202-produse-fara-zahar"},{"code":"100075561","name":"Compot de vișine fără zahăr 350g","slug":"100075561-aarts-compot-de-visine-fara-zahar-350g"}],"activePromotion":{"code":"special-produse-vegane-mar23","name":"Preț redus","targetQuantity":null},"saveMe":null,"labels":[{"type":"v1","items":[{"text":"-23%","backgroundColor":"#FF9903","textColor":"#FFFFFF"}]}],"geniusPrice":null,"geniusUnitPricePerLabel":null,"banner":{"text":"Super preț","textColor":"#FF0000","bgColor":"#FFF2EC","icon":null,"link":"https://www.freshful.ro/oferte/special-produse-vegane-mar23","type":"promo","analyticsEventType":"select_promotion","analyticsEventPayload":{"promotion_id":"special-produse-vegane-mar23","promotion_name":"Și bun, și de post"}},"discountLabel":"Economisești 23%","geniusDiscountLabel":null,"badge":null},{"code":"100001607","variantCode":"5941132014693","name":"Soia texturat fâșii 100g","slug":"100001607-inedit-soia-texturat-fasii-100g","unitPriceLabel":"35,9 Lei/kg","brand":"Inedit","brandCode":"60","brandFilterCode":"inedit-b57","sku":"100001607","price":3.59,"originalPrice":4.89,"currencyCode":"RON","currency":"Lei","image":{"thumbnail":{"default":"https://cdn.freshful.ro/media/cache/sylius_shop_product_thumbnail/79/dd/78bcf863b15dcf15621a4db38e82.jpg"},"large":{"default":"https://cdn.freshful.ro/media/cache/freshful_large/79/dd/78bcf863b15dcf15621a4db38e82.jpg"},"extralarge":{"default":"https://cdn.freshful.ro/media/cache/sylius_shop_product_original/79/dd/78bcf863b15dcf15621a4db38e82.jpg"}},"label":{"text":"-26%","backgroundColor":"#FF9903","textColor":"#FFFFFF"},"tags":[{"type":"vegan","text":"Vegan","icon":"https://cdn.freshful.ro/assets/product_tags/vegan.svg","iconPng":"https://cdn.freshful.ro/assets/product_tags/vegan.png","backgroundColor":"#ECF9F8","textColor":"#33A39C"}],"isAvailable":true,"maxAvailableQuantity":40,"maxAllowedQuantity":100,"breadcrumbs":[{"code":"10","name":"Dietetic, ECO & internațional","slug":"10-dietetic-bio-si-international"},{"code":"1002","name":"Produse dietetice și naturiste","slug":"1002-produse-dietetice-si-naturiste"},{"code":"100206","name":"Produse din soia","slug":"100206-produse-din-soia"},{"code":"100001607","name":"Soia texturat fâșii 100g","slug":"100001607-inedit-soia-texturat-fasii-100g"}],"activePromotion":{"code":"special-produse-vegane-mar23","name":"Preț redus","targetQuantity":null},"saveMe":null,"labels":[{"type":"v1","items":[{"text":"-26%","backgroundColor":"#FF9903","textColor":"#FFFFFF"}]}],"geniusPrice":null,"geniusUnitPricePerLabel":null,"banner":{"text":"Super preț","textColor":"#FF0000","bgColor":"#FFF2EC","icon":null,"link":"https://www.freshful.ro/oferte/special-produse-vegane-mar23","type":"promo","analyticsEventType":"select_promotion","analyticsEventPayload":{"promotion_id":"special-produse-vegane-mar23","promotion_name":"Și bun, și de post"}},"discountLabel":"Economisești 26%","geniusDiscountLabel":null,"badge":null},{"code":"100001606","variantCode":"5941276006509","name":"Soia texturat cuburi 100g","slug":"100001606-inedit-soia-texturat-cuburi-100g","unitPriceLabel":"29,9 Lei/kg","brand":"Inedit","brandCode":"60","brandFilterCode":"inedit-b57","sku":"100001606","price":2.99,"originalPrice":3.75,"currencyCode":"RON","currency":"Lei","image":{"thumbnail":{"default":"https://cdn.freshful.ro/media/cache/sylius_shop_product_thumbnail/19/ae/c4d39dbb49c167e653ac447f071c.jpg"},"large":{"default":"https://cdn.freshful.ro/media/cache/freshful_large/19/ae/c4d39dbb49c167e653ac447f071c.jpg"},"extralarge":{"default":"https://cdn.freshful.ro/media/cache/sylius_shop_product_original/19/ae/c4d39dbb49c167e653ac447f071c.jpg"}},"label":{"text":"-20%","backgroundColor":"#FF9903","textColor":"#FFFFFF"},"tags":[{"type":"vegan","text":"Vegan","icon":"https://cdn.freshful.ro/assets/product_tags/vegan.svg","iconPng":"https://cdn.freshful.ro/assets/product_tags/vegan.png","backgroundColor":"#ECF9F8","textColor":"#33A39C"}],"isAvailable":true,"maxAvailableQuantity":48,"maxAllowedQuantity":100,"breadcrumbs":[{"code":"10","name":"Dietetic, ECO & internațional","slug":"10-dietetic-bio-si-international"},{"code":"1002","name":"Produse dietetice și naturiste","slug":"1002-produse-dietetice-si-naturiste"},{"code":"100206","name":"Produse din soia","slug":"100206-produse-din-soia"},{"code":"100001606","name":"Soia texturat cuburi 100g","slug":"100001606-inedit-soia-texturat-cuburi-100g"}],"activePromotion":{"code":"special-produse-vegane-mar23","name":"Preț redus","targetQuantity":null},"saveMe":null,"labels":[{"type":"v1","items":[{"text":"-20%","backgroundColor":"#FF9903","textColor":"#FFFFFF"}]}],"geniusPrice":null,"geniusUnitPricePerLabel":null,"banner":{"text":"Super preț","textColor":"#FF0000","bgColor":"#FFF2EC","icon":null,"link":"https://www.freshful.ro/oferte/special-produse-vegane-mar23","type":"promo","analyticsEventType":"select_promotion","analyticsEventPayload":{"promotion_id":"special-produse-vegane-mar23","promotion_name":"Și bun, și de post"}},"discountLabel":"Economisești 20%","geniusDiscountLabel":null,"badge":null},{"code":"100135162","variantCode":"100135162","name":"Paste penne eco din orez brun fără gluten 250g","slug":"100135162-dalla-costa-paste-penne-eco-din-orez-brun-fara-gluten-250g","unitPriceLabel":"15,99 Lei/buc","brand":"Dalla Costa","brandCode":"1139","brandFilterCode":"dalla-costa-b1140","sku":"100135162","price":15.99,"originalPrice":null,"currencyCode":"RON","currency":"Lei","image":{"thumbnail":{"default":"https://cdn.freshful.ro/media/cache/sylius_shop_product_thumbnail/a8/e0/82576822882361b5512e9272603a.jpg"},"large":{"default":"https://cdn.freshful.ro/media/cache/freshful_large/a8/e0/82576822882361b5512e9272603a.jpg"},"extralarge":{"default":"https://cdn.freshful.ro/media/cache/sylius_shop_product_original/a8/e0/82576822882361b5512e9272603a.jpg"}},"label":{"text":"Profită acum","backgroundColor":"#FF9903","textColor":"#FFFFFF"},"tags":[{"type":"Eco","text":"Eco","icon":"https://cdn.freshful.ro/assets/product_tags/eco.svg","iconPng":"https://cdn.freshful.ro/assets/product_tags/eco.png","backgroundColor":"#EFFBE4","textColor":"#66BB1B"},{"type":"vegan","text":"Vegan","icon":"https://cdn.freshful.ro/assets/product_tags/vegan.svg","iconPng":"https://cdn.freshful.ro/assets/product_tags/vegan.png","backgroundColor":"#ECF9F8","textColor":"#33A39C"},{"type":"NoGluten","text":"Fara gluten","icon":"https://cdn.freshful.ro/assets/product_tags/fara_gluten.svg","iconPng":"https://cdn.freshful.ro/assets/product_tags/fara_gluten.png","backgroundColor":"#FFF2E5","textColor":"#F07900"}],"isAvailable":true,"maxAvailableQuantity":31,"maxAllowedQuantity":100,"breadcrumbs":[{"code":"10","name":"Dietetic, ECO & internațional","slug":"10-dietetic-bio-si-international"},{"code":"1002","name":"Produse dietetice și naturiste","slug":"1002-produse-dietetice-si-naturiste"},{"code":"100201","name":"Produse fără gluten","slug":"100201-produse-fara-gluten"},{"code":"100135162","name":"Paste penne eco din orez brun fără gluten 250g","slug":"100135162-dalla-costa-paste-penne-eco-din-orez-brun-fara-gluten-250g"}],"activePromotion":{"code":"oferte-bacanie-bauturi-21feb-8mar23","name":"Preț avantajos","targetQuantity":null},"saveMe":null,"labels":[{"type":"v1","items":[{"text":"Profită acum","backgroundColor":"#FF9903","textColor":"#FFFFFF"}]}],"geniusPrice":null,"geniusUnitPricePerLabel":null,"banner":{"text":"Preț avantajos","textColor":"#F95510","bgColor":"#FEF1CD","icon":null,"link":"https://www.freshful.ro/oferte/oferte-bacanie-bauturi-21feb-8mar23","type":"promo","analyticsEventType":"select_promotion","analyticsEventPayload":{"promotion_id":"oferte-bacanie-bauturi-21feb-8mar23","promotion_name":"Cămara cu băuturi și bunătăți"}},"discountLabel":null,"geniusDiscountLabel":null,"badge":null},{"code":"100001605","variantCode":"5941276006226","name":"Soia texturat felii 100g","slug":"100001605-inedit-soia-texturat-felii-100g","unitPriceLabel":"29,9 Lei/kg","brand":"Inedit","brandCode":"60","brandFilterCode":"inedit-b57","sku":"100001605","price":2.99,"originalPrice":3.75,"currencyCode":"RON","currency":"Lei","image":{"thumbnail":{"default":"https://cdn.freshful.ro/media/cache/sylius_shop_product_thumbnail/9f/a7/a21fd738173ef84f57745ac9cf7c.jpg"},"large":{"default":"https://cdn.freshful.ro/media/cache/freshful_large/9f/a7/a21fd738173ef84f57745ac9cf7c.jpg"},"extralarge":{"default":"https://cdn.freshful.ro/media/cache/sylius_shop_product_original/9f/a7/a21fd738173ef84f57745ac9cf7c.jpg"}},"label":{"text":"-20%","backgroundColor":"#FF9903","textColor":"#FFFFFF"},"tags":[{"type":"vegan","text":"Vegan","icon":"https://cdn.freshful.ro/assets/product_tags/vegan.svg","iconPng":"https://cdn.freshful.ro/assets/product_tags/vegan.png","backgroundColor":"#ECF9F8","textColor":"#33A39C"}],"isAvailable":true,"maxAvailableQuantity":14,"maxAllowedQuantity":100,"breadcrumbs":[{"code":"10","name":"Dietetic, ECO & internațional","slug":"10-dietetic-bio-si-international"},{"code":"1002","name":"Produse dietetice și naturiste","slug":"1002-produse-dietetice-si-naturiste"},{"code":"100206","name":"Produse din soia","slug":"100206-produse-din-soia"},{"code":"100001605","name":"Soia texturat felii 100g","slug":"100001605-inedit-soia-texturat-felii-100g"}],"activePromotion":{"code":"special-produse-vegane-mar23","name":"Preț redus","targetQuantity":null},"saveMe":null,"labels":[{"type":"v1","items":[{"text":"-20%","backgroundColor":"#FF9903","textColor":"#FFFFFF"}]}],"geniusPrice":null,"geniusUnitPricePerLabel":null,"banner":{"text":"Super preț","textColor":"#FF0000","bgColor":"#FFF2EC","icon":null,"link":"https://www.freshful.ro/oferte/special-produse-vegane-mar23","type":"promo","analyticsEventType":"select_promotion","analyticsEventPayload":{"promotion_id":"special-produse-vegane-mar23","promotion_name":"Și bun, și de post"}},"discountLabel":"Economisești 20%","geniusDiscountLabel":null,"badge":null},{"code":"100001469","variantCode":"5941276006233","name":"Soia texturat granule 100g","slug":"100001469-inedit-soia-texturat-granule-100g","unitPriceLabel":"29,9 Lei/kg","brand":"Inedit","brandCode":"60","brandFilterCode":"inedit-b57","sku":"100001469","price":2.99,"originalPrice":3.75,"currencyCode":"RON","currency":"Lei","image":{"thumbnail":{"default":"https://cdn.freshful.ro/media/cache/sylius_shop_product_thumbnail/80/66/24d3c78e5e1b67f389bf4b6dc9ac.jpg"},"large":{"default":"https://cdn.freshful.ro/media/cache/freshful_large/80/66/24d3c78e5e1b67f389bf4b6dc9ac.jpg"},"extralarge":{"default":"https://cdn.freshful.ro/media/cache/sylius_shop_product_original/80/66/24d3c78e5e1b67f389bf4b6dc9ac.jpg"}},"label":{"text":"-20%","backgroundColor":"#FF9903","textColor":"#FFFFFF"},"tags":[{"type":"vegan","text":"Vegan","icon":"https://cdn.freshful.ro/assets/product_tags/vegan.svg","iconPng":"https://cdn.freshful.ro/assets/product_tags/vegan.png","backgroundColor":"#ECF9F8","textColor":"#33A39C"}],"isAvailable":true,"maxAvailableQuantity":27,"maxAllowedQuantity":100,"breadcrumbs":[{"code":"10","name":"Dietetic, ECO & internațional","slug":"10-dietetic-bio-si-international"},{"code":"1002","name":"Produse dietetice și naturiste","slug":"1002-produse-dietetice-si-naturiste"},{"code":"100206","name":"Produse din soia","slug":"100206-produse-din-soia"},{"code":"100001469","name":"Soia texturat granule 100g","slug":"100001469-inedit-soia-texturat-granule-100g"}],"activePromotion":{"code":"special-produse-vegane-mar23","name":"Preț redus","targetQuantity":null},"saveMe":null,"labels":[{"type":"v1","items":[{"text":"-20%","backgroundColor":"#FF9903","textColor":"#FFFFFF"}]}],"geniusPrice":null,"geniusUnitPricePerLabel":null,"banner":{"text":"Super preț","textColor":"#FF0000","bgColor":"#FFF2EC","icon":null,"link":"https://www.freshful.ro/oferte/special-produse-vegane-mar23","type":"promo","analyticsEventType":"select_promotion","analyticsEventPayload":{"promotion_id":"special-produse-vegane-mar23","promotion_name":"Și bun, și de post"}},"discountLabel":"Economisești 20%","geniusDiscountLabel":null,"badge":null},{"code":"100075626","variantCode":"5902578005218","name":"Mix clătite din mei cu afine fără gluten 71g","slug":"100075626-soligrano-mix-clatite-din-mei-cu-afine-fara-gluten-71g","unitPriceLabel":"112,54 Lei/kg","brand":"Soligrano","brandCode":"981","brandFilterCode":"soligrano-b995","sku":"100075626","price":7.99,"originalPrice":8.99,"currencyCode":"RON","currency":"Lei","image":{"thumbnail":{"default":"https://cdn.freshful.ro/media/cache/sylius_shop_product_thumbnail/d5/2d/1ab0786dcfb6829b3b8b58fe5831.jpg"},"large":{"default":"https://cdn.freshful.ro/media/cache/freshful_large/d5/2d/1ab0786dcfb6829b3b8b58fe5831.jpg"},"extralarge":{"default":"https://cdn.freshful.ro/media/cache/sylius_shop_product_original/d5/2d/1ab0786dcfb6829b3b8b58fe5831.jpg"}},"label":{"text":"-11%","backgroundColor":"#FF9903","textColor":"#FFFFFF"},"tags":[{"type":"NoGluten","text":"Fara gluten","icon":"https://cdn.freshful.ro/assets/product_tags/fara_gluten.svg","iconPng":"https://cdn.freshful.ro/assets/product_tags/fara_gluten.png","backgroundColor":"#FFF2E5","textColor":"#F07900"},{"type":"vegan","text":"Vegan","icon":"https://cdn.freshful.ro/assets/product_tags/vegan.svg","iconPng":"https://cdn.freshful.ro/assets/product_tags/vegan.png","backgroundColor":"#ECF9F8","textColor":"#33A39C"}],"isAvailable":true,"maxAvailableQuantity":30,"maxAllowedQuantity":100,"breadcrumbs":[{"code":"10","name":"Dietetic, ECO & internațional","slug":"10-dietetic-bio-si-international"},{"code":"1002","name":"Produse dietetice și naturiste","slug":"1002-produse-dietetice-si-naturiste"},{"code":"100201","name":"Produse fără gluten","slug":"100201-produse-fara-gluten"},{"code":"100075626","name":"Mix clătite din mei cu afine fără gluten 71g","slug":"100075626-soligrano-mix-clatite-din-mei-cu-afine-fara-gluten-71g"}],"activePromotion":{"code":"special-produse-vegane-mar23","name":"Preț redus","targetQuantity":null},"saveMe":null,"labels":[{"type":"v1","items":[{"text":"-11%","backgroundColor":"#FF9903","textColor":"#FFFFFF"}]}],"geniusPrice":null,"geniusUnitPricePerLabel":null,"banner":{"text":"Super preț","textColor":"#FF0000","bgColor":"#FFF2EC","icon":null,"link":"https://www.freshful.ro/oferte/special-produse-vegane-mar23","type":"promo","analyticsEventType":"select_promotion","analyticsEventPayload":{"promotion_id":"special-produse-vegane-mar23","promotion_name":"Și bun, și de post"}},"discountLabel":"Economisești 11%","geniusDiscountLabel":null,"badge":null}]},{"analyticsListId":"category-slot_1003-suplimente-alimentare","analyticsListName":"Category Slot - Suplimente alimentare","type":"products_carousel","title":"Suplimente alimentare","link":{"title":"Mai multe","count":326,"url":"/c/10-dietetic-bio-si-international/1003-suplimente-alimentare"},"products":[{"code":"100061502","variantCode":"6423602003189","name":"Propolis Vitamina C cu echinacea 40 comprimate","slug":"100061502-alevia-propolis-vitamina-c-cu-echinacea-40-comprimate","unitPriceLabel":"7.995 Lei/kg","brand":"Alevia","brandCode":"83","brandFilterCode":"alevia-b128","sku":"100061502","price":15.99,"originalPrice":18.99,"currencyCode":"RON","currency":"Lei","image":{"thumbnail":{"default":"https://cdn.freshful.ro/media/cache/sylius_shop_product_thumbnail/ec/7f/17f6e06ef87dd313fbdc36852093.jpg"},"large":{"default":"https://cdn.freshful.ro/media/cache/freshful_large/ec/7f/17f6e06ef87dd313fbdc36852093.jpg"},"extralarge":{"default":"https://cdn.freshful.ro/media/cache/sylius_shop_product_original/ec/7f/17f6e06ef87dd313fbdc36852093.jpg"}},"label":{"text":"-15%","backgroundColor":"#FF9903","textColor":"#FFFFFF"},"tags":[],"isAvailable":true,"maxAvailableQuantity":49,"maxAllowedQuantity":100,"breadcrumbs":[{"code":"10","name":"Dietetic, ECO & internațional","slug":"10-dietetic-bio-si-international"},{"code":"1003","name":"Suplimente alimentare","slug":"1003-suplimente-alimentare"},{"code":"100301","name":"Vitamine și minerale","slug":"100301-vitamine-si-minerale"},{"code":"100061502","name":"Propolis Vitamina C cu echinacea 40 comprimate","slug":"100061502-alevia-propolis-vitamina-c-cu-echinacea-40-comprimate"}],"activePromotion":{"code":"oferte-bacanie-bauturi-21feb-8mar23","name":"Preț redus","targetQuantity":null},"saveMe":null,"labels":[{"type":"v1","items":[{"text":"-15%","backgroundColor":"#FF9903","textColor":"#FFFFFF"}]}],"geniusPrice":null,"geniusUnitPricePerLabel":null,"banner":{"text":"Super preț","textColor":"#FF0000","bgColor":"#FFF2EC","icon":null,"link":"https://www.freshful.ro/oferte/oferte-bacanie-bauturi-21feb-8mar23","type":"promo","analyticsEventType":"select_promotion","analyticsEventPayload":{"promotion_id":"oferte-bacanie-bauturi-21feb-8mar23","promotion_name":"Cămara cu băuturi și bunătăți"}},"discountLabel":"Economisești 15%","geniusDiscountLabel":null,"badge":null},{"code":"100118436","variantCode":"100118436","name":"Collagen Express 10 plicuri","slug":"100118436-biocyte-collagen-express-10-plicuri","unitPriceLabel":"69,99 Lei/buc","brand":"Biocyte","brandCode":"2001","brandFilterCode":"biocyte-b2010","sku":"100118436","price":69.99,"originalPrice":100.28,"currencyCode":"RON","currency":"Lei","image":{"thumbnail":{"default":"https://cdn.freshful.ro/media/cache/sylius_shop_product_thumbnail/e2/72/2e99faccb618fdb01b44b5806663.jpg"},"large":{"default":"https://cdn.freshful.ro/media/cache/freshful_large/e2/72/2e99faccb618fdb01b44b5806663.jpg"},"extralarge":{"default":"https://cdn.freshful.ro/media/cache/sylius_shop_product_original/e2/72/2e99faccb618fdb01b44b5806663.jpg"}},"label":{"text":"-30%","backgroundColor":"#FF9903","textColor":"#FFFFFF"},"tags":[],"isAvailable":true,"maxAvailableQuantity":6,"maxAllowedQuantity":100,"breadcrumbs":[{"code":"10","name":"Dietetic, ECO & internațional","slug":"10-dietetic-bio-si-international"},{"code":"1003","name":"Suplimente alimentare","slug":"1003-suplimente-alimentare"},{"code":"100307","name":"Piele, păr și unghii","slug":"100307-piele-par-si-unghii"},{"code":"100118436","name":"Collagen Express 10 plicuri","slug":"100118436-biocyte-collagen-express-10-plicuri"}],"activePromotion":{"code":"special-bacanie-bauturi-mar23","name":"Preț redus","targetQuantity":null},"saveMe":null,"labels":[{"type":"v1","items":[{"text":"-30%","backgroundColor":"#FF9903","textColor":"#FFFFFF"}]}],"geniusPrice":null,"geniusUnitPricePerLabel":null,"banner":{"text":"Super preț","textColor":"#FF0000","bgColor":"#FFF2EC","icon":null,"link":"https://www.freshful.ro/oferte/special-bacanie-bauturi-mar23","type":"promo","analyticsEventType":"select_promotion","analyticsEventPayload":{"promotion_id":"special-bacanie-bauturi-mar23","promotion_name":"Prețuri speciale pentru Ziua Femeii"}},"discountLabel":"Economisești 30%","geniusDiscountLabel":null,"badge":null},{"code":"100118439","variantCode":"100118439","name":"Éclat Extrême Pearl 40 capsule","slug":"100118439-biocyte-eclat-extreme-pearl-40-capsule","unitPriceLabel":"118,99 Lei/buc","brand":"Biocyte","brandCode":"2001","brandFilterCode":"biocyte-b2010","sku":"100118439","price":118.99,"originalPrice":169.99,"currencyCode":"RON","currency":"Lei","image":{"thumbnail":{"default":"https://cdn.freshful.ro/media/cache/sylius_shop_product_thumbnail/8d/7f/275aaa9858a35cdfab350ff7f207.jpg"},"large":{"default":"https://cdn.freshful.ro/media/cache/freshful_large/8d/7f/275aaa9858a35cdfab350ff7f207.jpg"},"extralarge":{"default":"https://cdn.freshful.ro/media/cache/sylius_shop_product_original/8d/7f/275aaa9858a35cdfab350ff7f207.jpg"}},"label":{"text":"-30%","backgroundColor":"#FF9903","textColor":"#FFFFFF"},"tags":[],"isAvailable":true,"maxAvailableQuantity":5,"maxAllowedQuantity":100,"breadcrumbs":[{"code":"10","name":"Dietetic, ECO & internațional","slug":"10-dietetic-bio-si-international"},{"code":"1003","name":"Suplimente alimentare","slug":"1003-suplimente-alimentare"},{"code":"100307","name":"Piele, păr și unghii","slug":"100307-piele-par-si-unghii"},{"code":"100118439","name":"Éclat Extrême Pearl 40 capsule","slug":"100118439-biocyte-eclat-extreme-pearl-40-capsule"}],"activePromotion":{"code":"special-bacanie-bauturi-mar23","name":"Preț redus","targetQuantity":null},"saveMe":null,"labels":[{"type":"v1","items":[{"text":"-30%","backgroundColor":"#FF9903","textColor":"#FFFFFF"}]}],"geniusPrice":null,"geniusUnitPricePerLabel":null,"banner":{"text":"Super preț","textColor":"#FF0000","bgColor":"#FFF2EC","icon":null,"link":"https://www.freshful.ro/oferte/special-bacanie-bauturi-mar23","type":"promo","analyticsEventType":"select_promotion","analyticsEventPayload":{"promotion_id":"special-bacanie-bauturi-mar23","promotion_name":"Prețuri speciale pentru Ziua Femeii"}},"discountLabel":"Economisești 30%","geniusDiscountLabel":null,"badge":null},{"code":"100118722","variantCode":"100118722","name":"Ultra Max Collagen 30 plicuri","slug":"100118722-goldnutrition-ultra-max-collagen-30-plicuri","unitPriceLabel":"99,99 Lei/buc","brand":"Goldnutrition","brandCode":"2007","brandFilterCode":"goldnutrition-b1999","sku":"100118722","price":99.99,"originalPrice":149.99,"currencyCode":"RON","currency":"Lei","image":{"thumbnail":{"default":"https://cdn.freshful.ro/media/cache/sylius_shop_product_thumbnail/9a/d4/aa1d1815c78132ed05beb0dce61b.jpg"},"large":{"default":"https://cdn.freshful.ro/media/cache/freshful_large/9a/d4/aa1d1815c78132ed05beb0dce61b.jpg"},"extralarge":{"default":"https://cdn.freshful.ro/media/cache/sylius_shop_product_original/9a/d4/aa1d1815c78132ed05beb0dce61b.jpg"}},"label":{"text":"-33%","backgroundColor":"#FF9903","textColor":"#FFFFFF"},"tags":[],"isAvailable":true,"maxAvailableQuantity":1,"maxAllowedQuantity":100,"breadcrumbs":[{"code":"10","name":"Dietetic, ECO & internațional","slug":"10-dietetic-bio-si-international"},{"code":"1003","name":"Suplimente alimentare","slug":"1003-suplimente-alimentare"},{"code":"100307","name":"Piele, păr și unghii","slug":"100307-piele-par-si-unghii"},{"code":"100118722","name":"Ultra Max Collagen 30 plicuri","slug":"100118722-goldnutrition-ultra-max-collagen-30-plicuri"}],"activePromotion":{"code":"special-bacanie-bauturi-mar23","name":"Preț redus","targetQuantity":null},"saveMe":null,"labels":[{"type":"v1","items":[{"text":"-33%","backgroundColor":"#FF9903","textColor":"#FFFFFF"}]}],"geniusPrice":null,"geniusUnitPricePerLabel":null,"banner":{"text":"Super preț","textColor":"#FF0000","bgColor":"#FFF2EC","icon":null,"link":"https://www.freshful.ro/oferte/special-bacanie-bauturi-mar23","type":"promo","analyticsEventType":"select_promotion","analyticsEventPayload":{"promotion_id":"special-bacanie-bauturi-mar23","promotion_name":"Prețuri speciale pentru Ziua Femeii"}},"discountLabel":"Economisești 33%","geniusDiscountLabel":null,"badge":null},{"code":"100118435","variantCode":"100118435","name":"Activ' Anti-rides 30 capsule","slug":"100118435-biocyte-activ-anti-rides-30-capsule","unitPriceLabel":"97,99 Lei/buc","brand":"Biocyte","brandCode":"2001","brandFilterCode":"biocyte-b2010","sku":"100118435","price":97.99,"originalPrice":139.99,"currencyCode":"RON","currency":"Lei","image":{"thumbnail":{"default":"https://cdn.freshful.ro/media/cache/sylius_shop_product_thumbnail/a4/4b/95c0d12854130ed718916c4448a4.jpg"},"large":{"default":"https://cdn.freshful.ro/media/cache/freshful_large/a4/4b/95c0d12854130ed718916c4448a4.jpg"},"extralarge":{"default":"https://cdn.freshful.ro/media/cache/sylius_shop_product_original/a4/4b/95c0d12854130ed718916c4448a4.jpg"}},"label":{"text":"-30%","backgroundColor":"#FF9903","textColor":"#FFFFFF"},"tags":[],"isAvailable":true,"maxAvailableQuantity":7,"maxAllowedQuantity":100,"breadcrumbs":[{"code":"10","name":"Dietetic, ECO & internațional","slug":"10-dietetic-bio-si-international"},{"code":"1003","name":"Suplimente alimentare","slug":"1003-suplimente-alimentare"},{"code":"100307","name":"Piele, păr și unghii","slug":"100307-piele-par-si-unghii"},{"code":"100118435","name":"Activ' Anti-rides 30 capsule","slug":"100118435-biocyte-activ-anti-rides-30-capsule"}],"activePromotion":{"code":"special-bacanie-bauturi-mar23","name":"Preț redus","targetQuantity":null},"saveMe":null,"labels":[{"type":"v1","items":[{"text":"-30%","backgroundColor":"#FF9903","textColor":"#FFFFFF"}]}],"geniusPrice":null,"geniusUnitPricePerLabel":null,"banner":{"text":"Super preț","textColor":"#FF0000","bgColor":"#FFF2EC","icon":null,"link":"https://www.freshful.ro/oferte/special-bacanie-bauturi-mar23","type":"promo","analyticsEventType":"select_promotion","analyticsEventPayload":{"promotion_id":"special-bacanie-bauturi-mar23","promotion_name":"Prețuri speciale pentru Ziua Femeii"}},"discountLabel":"Economisești 30%","geniusDiscountLabel":null,"badge":null},{"code":"100118440","variantCode":"100118440","name":"Supliment alimentar cu elastina Elastine Forte 40 capsule","slug":"100118440-biocyte-supliment-alimentar-cu-elastina-elastine-forte-40-capsule","unitPriceLabel":"84,99 Lei/buc","brand":"Biocyte","brandCode":"2001","brandFilterCode":"biocyte-b2010","sku":"100118440","price":84.99,"originalPrice":120.99,"currencyCode":"RON","currency":"Lei","image":{"thumbnail":{"default":"https://cdn.freshful.ro/media/cache/sylius_shop_product_thumbnail/ce/68/93a2f311c658d528c5e4b2a4fe1d.jpg"},"large":{"default":"https://cdn.freshful.ro/media/cache/freshful_large/ce/68/93a2f311c658d528c5e4b2a4fe1d.jpg"},"extralarge":{"default":"https://cdn.freshful.ro/media/cache/sylius_shop_product_original/ce/68/93a2f311c658d528c5e4b2a4fe1d.jpg"}},"label":{"text":"-29%","backgroundColor":"#FF9903","textColor":"#FFFFFF"},"tags":[],"isAvailable":true,"maxAvailableQuantity":9,"maxAllowedQuantity":100,"breadcrumbs":[{"code":"10","name":"Dietetic, ECO & internațional","slug":"10-dietetic-bio-si-international"},{"code":"1003","name":"Suplimente alimentare","slug":"1003-suplimente-alimentare"},{"code":"100307","name":"Piele, păr și unghii","slug":"100307-piele-par-si-unghii"},{"code":"100118440","name":"Supliment alimentar cu elastina Elastine Forte 40 capsule","slug":"100118440-biocyte-supliment-alimentar-cu-elastina-elastine-forte-40-capsule"}],"activePromotion":{"code":"special-bacanie-bauturi-mar23","name":"Preț redus","targetQuantity":null},"saveMe":null,"labels":[{"type":"v1","items":[{"text":"-29%","backgroundColor":"#FF9903","textColor":"#FFFFFF"}]}],"geniusPrice":null,"geniusUnitPricePerLabel":null,"banner":{"text":"Super preț","textColor":"#FF0000","bgColor":"#FFF2EC","icon":null,"link":"https://www.freshful.ro/oferte/special-bacanie-bauturi-mar23","type":"promo","analyticsEventType":"select_promotion","analyticsEventPayload":{"promotion_id":"special-bacanie-bauturi-mar23","promotion_name":"Prețuri speciale pentru Ziua Femeii"}},"discountLabel":"Economisești 29%","geniusDiscountLabel":null,"badge":null},{"code":"100118445","variantCode":"100118445","name":"Supliment alimentar Peau Radieuse 60 capsule","slug":"100118445-biocyte-supliment-alimentar-peau-radieuse-60-capsule","unitPriceLabel":"97,99 Lei/buc","brand":"Biocyte","brandCode":"2001","brandFilterCode":"biocyte-b2010","sku":"100118445","price":97.99,"originalPrice":139.99,"currencyCode":"RON","currency":"Lei","image":{"thumbnail":{"default":"https://cdn.freshful.ro/media/cache/sylius_shop_product_thumbnail/7e/a2/bbe915a8fd35a105319e48c9080b.jpg"},"large":{"default":"https://cdn.freshful.ro/media/cache/freshful_large/7e/a2/bbe915a8fd35a105319e48c9080b.jpg"},"extralarge":{"default":"https://cdn.freshful.ro/media/cache/sylius_shop_product_original/7e/a2/bbe915a8fd35a105319e48c9080b.jpg"}},"label":{"text":"-30%","backgroundColor":"#FF9903","textColor":"#FFFFFF"},"tags":[],"isAvailable":true,"maxAvailableQuantity":4,"maxAllowedQuantity":100,"breadcrumbs":[{"code":"10","name":"Dietetic, ECO & internațional","slug":"10-dietetic-bio-si-international"},{"code":"1003","name":"Suplimente alimentare","slug":"1003-suplimente-alimentare"},{"code":"100307","name":"Piele, păr și unghii","slug":"100307-piele-par-si-unghii"},{"code":"100118445","name":"Supliment alimentar Peau Radieuse 60 capsule","slug":"100118445-biocyte-supliment-alimentar-peau-radieuse-60-capsule"}],"activePromotion":{"code":"special-bacanie-bauturi-mar23","name":"Preț redus","targetQuantity":null},"saveMe":null,"labels":[{"type":"v1","items":[{"text":"-30%","backgroundColor":"#FF9903","textColor":"#FFFFFF"}]}],"geniusPrice":null,"geniusUnitPricePerLabel":null,"banner":{"text":"Super preț","textColor":"#FF0000","bgColor":"#FFF2EC","icon":null,"link":"https://www.freshful.ro/oferte/special-bacanie-bauturi-mar23","type":"promo","analyticsEventType":"select_promotion","analyticsEventPayload":{"promotion_id":"special-bacanie-bauturi-mar23","promotion_name":"Prețuri speciale pentru Ziua Femeii"}},"discountLabel":"Economisești 30%","geniusDiscountLabel":null,"badge":null},{"code":"100118446","variantCode":"100118446","name":"Supliment alimentar Terracotta Cocktail Autobronzant 30 capsule","slug":"100118446-biocyte-supliment-alimentar-terracotta-cocktail-autobronzant-30-capsule","unitPriceLabel":"69,99 Lei/buc","brand":"Biocyte","brandCode":"2001","brandFilterCode":"biocyte-b2010","sku":"100118446","price":69.99,"originalPrice":89.99,"currencyCode":"RON","currency":"Lei","image":{"thumbnail":{"default":"https://cdn.freshful.ro/media/cache/sylius_shop_product_thumbnail/f5/87/23bf03260cd0e25290419f53d263.jpg"},"large":{"default":"https://cdn.freshful.ro/media/cache/freshful_large/f5/87/23bf03260cd0e25290419f53d263.jpg"},"extralarge":{"default":"https://cdn.freshful.ro/media/cache/sylius_shop_product_original/f5/87/23bf03260cd0e25290419f53d263.jpg"}},"label":{"text":"-22%","backgroundColor":"#FF9903","textColor":"#FFFFFF"},"tags":[],"isAvailable":true,"maxAvailableQuantity":25,"maxAllowedQuantity":100,"breadcrumbs":[{"code":"10","name":"Dietetic, ECO & internațional","slug":"10-dietetic-bio-si-international"},{"code":"1003","name":"Suplimente alimentare","slug":"1003-suplimente-alimentare"},{"code":"100307","name":"Piele, păr și unghii","slug":"100307-piele-par-si-unghii"},{"code":"100118446","name":"Supliment alimentar Terracotta Cocktail Autobronzant 30 capsule","slug":"100118446-biocyte-supliment-alimentar-terracotta-cocktail-autobronzant-30-capsule"}],"activePromotion":{"code":"special-bacanie-bauturi-mar23","name":"Preț redus","targetQuantity":null},"saveMe":null,"labels":[{"type":"v1","items":[{"text":"-22%","backgroundColor":"#FF9903","textColor":"#FFFFFF"}]}],"geniusPrice":null,"geniusUnitPricePerLabel":null,"banner":{"text":"Super preț","textColor":"#FF0000","bgColor":"#FFF2EC","icon":null,"link":"https://www.freshful.ro/oferte/special-bacanie-bauturi-mar23","type":"promo","analyticsEventType":"select_promotion","analyticsEventPayload":{"promotion_id":"special-bacanie-bauturi-mar23","promotion_name":"Prețuri speciale pentru Ziua Femeii"}},"discountLabel":"Economisești 22%","geniusDiscountLabel":null,"badge":null},{"code":"100118449","variantCode":"100118449","name":"Keratine Forte anti-cădereapărului  40 comprimate","slug":"100118449-biocyte-keratine-forte-anti-cadereaparului-40-comprimate","unitPriceLabel":"76,99 Lei/buc","brand":"Biocyte","brandCode":"2001","brandFilterCode":"biocyte-b2010","sku":"100118449","price":76.99,"originalPrice":109.99,"currencyCode":"RON","currency":"Lei","image":{"thumbnail":{"default":"https://cdn.freshful.ro/media/cache/sylius_shop_product_thumbnail/47/35/09e1cce460a4e722f4158321b312.jpg"},"large":{"default":"https://cdn.freshful.ro/media/cache/freshful_large/47/35/09e1cce460a4e722f4158321b312.jpg"},"extralarge":{"default":"https://cdn.freshful.ro/media/cache/sylius_shop_product_original/47/35/09e1cce460a4e722f4158321b312.jpg"}},"label":{"text":"-30%","backgroundColor":"#FF9903","textColor":"#FFFFFF"},"tags":[],"isAvailable":true,"maxAvailableQuantity":28,"maxAllowedQuantity":100,"breadcrumbs":[{"code":"10","name":"Dietetic, ECO & internațional","slug":"10-dietetic-bio-si-international"},{"code":"1003","name":"Suplimente alimentare","slug":"1003-suplimente-alimentare"},{"code":"100307","name":"Piele, păr și unghii","slug":"100307-piele-par-si-unghii"},{"code":"100118449","name":"Keratine Forte anti-cădereapărului  40 comprimate","slug":"100118449-biocyte-keratine-forte-anti-cadereaparului-40-comprimate"}],"activePromotion":{"code":"special-bacanie-bauturi-mar23","name":"Preț redus","targetQuantity":null},"saveMe":null,"labels":[{"type":"v1","items":[{"text":"-30%","backgroundColor":"#FF9903","textColor":"#FFFFFF"}]}],"geniusPrice":null,"geniusUnitPricePerLabel":null,"banner":{"text":"Super preț","textColor":"#FF0000","bgColor":"#FFF2EC","icon":null,"link":"https://www.freshful.ro/oferte/special-bacanie-bauturi-mar23","type":"promo","analyticsEventType":"select_promotion","analyticsEventPayload":{"promotion_id":"special-bacanie-bauturi-mar23","promotion_name":"Prețuri speciale pentru Ziua Femeii"}},"discountLabel":"Economisești 30%","geniusDiscountLabel":null,"badge":null},{"code":"100118450","variantCode":"100118450","name":"Keratine Forte Full Spectrum 40 capsule","slug":"100118450-biocyte-keratine-forte-full-spectrum-40-capsule","unitPriceLabel":"97,99 Lei/buc","brand":"Biocyte","brandCode":"2001","brandFilterCode":"biocyte-b2010","sku":"100118450","price":97.99,"originalPrice":139.99,"currencyCode":"RON","currency":"Lei","image":{"thumbnail":{"default":"https://cdn.freshful.ro/media/cache/sylius_shop_product_thumbnail/8e/3e/921ae22608d6176312113430335e.jpg"},"large":{"default":"https://cdn.freshful.ro/media/cache/freshful_large/8e/3e/921ae22608d6176312113430335e.jpg"},"extralarge":{"default":"https://cdn.freshful.ro/media/cache/sylius_shop_product_original/8e/3e/921ae22608d6176312113430335e.jpg"}},"label":{"text":"-30%","backgroundColor":"#FF9903","textColor":"#FFFFFF"},"tags":[],"isAvailable":true,"maxAvailableQuantity":4,"maxAllowedQuantity":100,"breadcrumbs":[{"code":"10","name":"Dietetic, ECO & internațional","slug":"10-dietetic-bio-si-international"},{"code":"1003","name":"Suplimente alimentare","slug":"1003-suplimente-alimentare"},{"code":"100307","name":"Piele, păr și unghii","slug":"100307-piele-par-si-unghii"},{"code":"100118450","name":"Keratine Forte Full Spectrum 40 capsule","slug":"100118450-biocyte-keratine-forte-full-spectrum-40-capsule"}],"activePromotion":{"code":"special-bacanie-bauturi-mar23","name":"Preț redus","targetQuantity":null},"saveMe":null,"labels":[{"type":"v1","items":[{"text":"-30%","backgroundColor":"#FF9903","textColor":"#FFFFFF"}]}],"geniusPrice":null,"geniusUnitPricePerLabel":null,"banner":{"text":"Super preț","textColor":"#FF0000","bgColor":"#FFF2EC","icon":null,"link":"https://www.freshful.ro/oferte/special-bacanie-bauturi-mar23","type":"promo","analyticsEventType":"select_promotion","analyticsEventPayload":{"promotion_id":"special-bacanie-bauturi-mar23","promotion_name":"Prețuri speciale pentru Ziua Femeii"}},"discountLabel":"Economisești 30%","geniusDiscountLabel":null,"badge":null}]},{"analyticsListId":"category-slot_1004-bucatarie-internationala","analyticsListName":"Category Slot - Produse internaționale","type":"products_carousel","title":"Produse internaționale","link":{"title":"Mai multe","count":372,"url":"/c/10-dietetic-bio-si-international/1004-bucatarie-internationala"},"products":[{"code":"100075619","variantCode":"5060194790939","name":"Pesmet Panko 150g","slug":"100075619-saitaku-pesmet-panko-150g","unitPriceLabel":"86,6 Lei/kg","brand":"Saitaku","brandCode":"980","brandFilterCode":"saitaku-b994","sku":"100075619","price":12.99,"originalPrice":14.99,"currencyCode":"RON","currency":"Lei","image":{"thumbnail":{"default":"https://cdn.freshful.ro/media/cache/sylius_shop_product_thumbnail/2e/f1/c981b25764faa0f1c67e08e17cee.jpg"},"large":{"default":"https://cdn.freshful.ro/media/cache/freshful_large/2e/f1/c981b25764faa0f1c67e08e17cee.jpg"},"extralarge":{"default":"https://cdn.freshful.ro/media/cache/sylius_shop_product_original/2e/f1/c981b25764faa0f1c67e08e17cee.jpg"}},"label":{"text":"-13%","backgroundColor":"#FF9903","textColor":"#FFFFFF"},"tags":[],"isAvailable":true,"maxAvailableQuantity":87,"maxAllowedQuantity":100,"breadcrumbs":[{"code":"10","name":"Dietetic, ECO & internațional","slug":"10-dietetic-bio-si-international"},{"code":"1004","name":"Produse internaționale","slug":"1004-bucatarie-internationala"},{"code":"100401","name":"Produse asiatice","slug":"100401-produse-din-asia"},{"code":"100075619","name":"Pesmet Panko 150g","slug":"100075619-saitaku-pesmet-panko-150g"}],"activePromotion":{"code":"oferte-bacanie-bauturi-21feb-8mar23","name":"Preț redus","targetQuantity":null},"saveMe":null,"labels":[{"type":"v1","items":[{"text":"-13%","backgroundColor":"#FF9903","textColor":"#FFFFFF"}]}],"geniusPrice":null,"geniusUnitPricePerLabel":null,"banner":{"text":"Super preț","textColor":"#FF0000","bgColor":"#FFF2EC","icon":null,"link":"https://www.freshful.ro/oferte/oferte-bacanie-bauturi-21feb-8mar23","type":"promo","analyticsEventType":"select_promotion","analyticsEventPayload":{"promotion_id":"oferte-bacanie-bauturi-21feb-8mar23","promotion_name":"Cămara cu băuturi și bunătăți"}},"discountLabel":"Economisești 13%","geniusDiscountLabel":null,"badge":null},{"code":"100075522","variantCode":"8690804036910","name":"Halva cu cacao 350g","slug":"100075522-suntat-halva-cu-cacao-350g","unitPriceLabel":"48,54 Lei/kg","brand":"Suntat","brandCode":"966","brandFilterCode":"suntat-b980","sku":"100075522","price":16.99,"originalPrice":18.99,"currencyCode":"RON","currency":"Lei","image":{"thumbnail":{"default":"https://cdn.freshful.ro/media/cache/sylius_shop_product_thumbnail/25/f5/4f62dd6c8e84cf91c01886f97e89.jpg"},"large":{"default":"https://cdn.freshful.ro/media/cache/freshful_large/25/f5/4f62dd6c8e84cf91c01886f97e89.jpg"},"extralarge":{"default":"https://cdn.freshful.ro/media/cache/sylius_shop_product_original/25/f5/4f62dd6c8e84cf91c01886f97e89.jpg"}},"label":{"text":"-10%","backgroundColor":"#FF9903","textColor":"#FFFFFF"},"tags":[],"isAvailable":true,"maxAvailableQuantity":100,"maxAllowedQuantity":100,"breadcrumbs":[{"code":"10","name":"Dietetic, ECO & internațional","slug":"10-dietetic-bio-si-international"},{"code":"1004","name":"Produse internaționale","slug":"1004-bucatarie-internationala"},{"code":"100401","name":"Produse asiatice","slug":"100401-produse-din-asia"},{"code":"100075522","name":"Halva cu cacao 350g","slug":"100075522-suntat-halva-cu-cacao-350g"}],"activePromotion":{"code":"special-produse-vegane-mar23","name":"Preț redus","targetQuantity":null},"saveMe":null,"labels":[{"type":"v1","items":[{"text":"-10%","backgroundColor":"#FF9903","textColor":"#FFFFFF"}]}],"geniusPrice":null,"geniusUnitPricePerLabel":null,"banner":{"text":"Super preț","textColor":"#FF0000","bgColor":"#FFF2EC","icon":null,"link":"https://www.freshful.ro/oferte/special-produse-vegane-mar23","type":"promo","analyticsEventType":"select_promotion","analyticsEventPayload":{"promotion_id":"special-produse-vegane-mar23","promotion_name":"Și bun, și de post"}},"discountLabel":"Economisești 10%","geniusDiscountLabel":null,"badge":null},{"code":"100075511","variantCode":"8690804410505","name":"Sărmăluțe în foi de viță cu orez 400g","slug":"100075511-suntat-sarmalute-in-foi-de-vita-cu-orez-400g","unitPriceLabel":"39,98 Lei/kg","brand":"Suntat","brandCode":"966","brandFilterCode":"suntat-b980","sku":"100075511","price":15.99,"originalPrice":18.49,"currencyCode":"RON","currency":"Lei","image":{"thumbnail":{"default":"https://cdn.freshful.ro/media/cache/sylius_shop_product_thumbnail/dd/0a/2ec372a1b4d192c8e03dd55539d1.jpg"},"large":{"default":"https://cdn.freshful.ro/media/cache/freshful_large/dd/0a/2ec372a1b4d192c8e03dd55539d1.jpg"},"extralarge":{"default":"https://cdn.freshful.ro/media/cache/sylius_shop_product_original/dd/0a/2ec372a1b4d192c8e03dd55539d1.jpg"}},"label":{"text":"-13%","backgroundColor":"#FF9903","textColor":"#FFFFFF"},"tags":[],"isAvailable":true,"maxAvailableQuantity":47,"maxAllowedQuantity":100,"breadcrumbs":[{"code":"10","name":"Dietetic, ECO & internațional","slug":"10-dietetic-bio-si-international"},{"code":"1004","name":"Produse internaționale","slug":"1004-bucatarie-internationala"},{"code":"100401","name":"Produse asiatice","slug":"100401-produse-din-asia"},{"code":"100075511","name":"Sărmăluțe în foi de viță cu orez 400g","slug":"100075511-suntat-sarmalute-in-foi-de-vita-cu-orez-400g"}],"activePromotion":{"code":"special-produse-vegane-mar23","name":"Preț redus","targetQuantity":null},"saveMe":null,"labels":[{"type":"v1","items":[{"text":"-13%","backgroundColor":"#FF9903","textColor":"#FFFFFF"}]}],"geniusPrice":null,"geniusUnitPricePerLabel":null,"banner":{"text":"Super preț","textColor":"#FF0000","bgColor":"#FFF2EC","icon":null,"link":"https://www.freshful.ro/oferte/special-produse-vegane-mar23","type":"promo","analyticsEventType":"select_promotion","analyticsEventPayload":{"promotion_id":"special-produse-vegane-mar23","promotion_name":"Și bun, și de post"}},"discountLabel":"Economisești 13%","geniusDiscountLabel":null,"badge":null},{"code":"100075516","variantCode":"8690804692215","name":"Humus 330g","slug":"100075516-suntat-humus-330g","unitPriceLabel":"30,27 Lei/kg","brand":"Suntat","brandCode":"966","brandFilterCode":"suntat-b980","sku":"100075516","price":9.99,"originalPrice":13.99,"currencyCode":"RON","currency":"Lei","image":{"thumbnail":{"default":"https://cdn.freshful.ro/media/cache/sylius_shop_product_thumbnail/96/2d/7e0216d133df9451a226e360d2f6.jpg"},"large":{"default":"https://cdn.freshful.ro/media/cache/freshful_large/96/2d/7e0216d133df9451a226e360d2f6.jpg"},"extralarge":{"default":"https://cdn.freshful.ro/media/cache/sylius_shop_product_original/96/2d/7e0216d133df9451a226e360d2f6.jpg"}},"label":{"text":"-28%","backgroundColor":"#FF9903","textColor":"#FFFFFF"},"tags":[],"isAvailable":true,"maxAvailableQuantity":35,"maxAllowedQuantity":100,"breadcrumbs":[{"code":"10","name":"Dietetic, ECO & internațional","slug":"10-dietetic-bio-si-international"},{"code":"1004","name":"Produse internaționale","slug":"1004-bucatarie-internationala"},{"code":"100401","name":"Produse asiatice","slug":"100401-produse-din-asia"},{"code":"100075516","name":"Humus 330g","slug":"100075516-suntat-humus-330g"}],"activePromotion":{"code":"special-produse-vegane-mar23","name":"Preț redus","targetQuantity":null},"saveMe":null,"labels":[{"type":"v1","items":[{"text":"-28%","backgroundColor":"#FF9903","textColor":"#FFFFFF"}]}],"geniusPrice":null,"geniusUnitPricePerLabel":null,"banner":{"text":"Super preț","textColor":"#FF0000","bgColor":"#FFF2EC","icon":null,"link":"https://www.freshful.ro/oferte/special-produse-vegane-mar23","type":"promo","analyticsEventType":"select_promotion","analyticsEventPayload":{"promotion_id":"special-produse-vegane-mar23","promotion_name":"Și bun, și de post"}},"discountLabel":"Economisești 28%","geniusDiscountLabel":null,"badge":null},{"code":"100075515","variantCode":"8690804036897","name":"Halva cu aromă de vanilie 350g","slug":"100075515-suntat-halva-cu-aroma-de-vanilie-350g","unitPriceLabel":"48,54 Lei/kg","brand":"Suntat","brandCode":"966","brandFilterCode":"suntat-b980","sku":"100075515","price":16.99,"originalPrice":18.99,"currencyCode":"RON","currency":"Lei","image":{"thumbnail":{"default":"https://cdn.freshful.ro/media/cache/sylius_shop_product_thumbnail/03/81/d41bb7e41011a79dc8e9cfcf5165.jpg"},"large":{"default":"https://cdn.freshful.ro/media/cache/freshful_large/03/81/d41bb7e41011a79dc8e9cfcf5165.jpg"},"extralarge":{"default":"https://cdn.freshful.ro/media/cache/sylius_shop_product_original/03/81/d41bb7e41011a79dc8e9cfcf5165.jpg"}},"label":{"text":"-10%","backgroundColor":"#FF9903","textColor":"#FFFFFF"},"tags":[],"isAvailable":true,"maxAvailableQuantity":8,"maxAllowedQuantity":100,"breadcrumbs":[{"code":"10","name":"Dietetic, ECO & internațional","slug":"10-dietetic-bio-si-international"},{"code":"1004","name":"Produse internaționale","slug":"1004-bucatarie-internationala"},{"code":"100401","name":"Produse asiatice","slug":"100401-produse-din-asia"},{"code":"100075515","name":"Halva cu aromă de vanilie 350g","slug":"100075515-suntat-halva-cu-aroma-de-vanilie-350g"}],"activePromotion":{"code":"special-produse-vegane-mar23","name":"Preț redus","targetQuantity":null},"saveMe":null,"labels":[{"type":"v1","items":[{"text":"-10%","backgroundColor":"#FF9903","textColor":"#FFFFFF"}]}],"geniusPrice":null,"geniusUnitPricePerLabel":null,"banner":{"text":"Super preț","textColor":"#FF0000","bgColor":"#FFF2EC","icon":null,"link":"https://www.freshful.ro/oferte/special-produse-vegane-mar23","type":"promo","analyticsEventType":"select_promotion","analyticsEventPayload":{"promotion_id":"special-produse-vegane-mar23","promotion_name":"Și bun, și de post"}},"discountLabel":"Economisești 10%","geniusDiscountLabel":null,"badge":null},{"code":"100075512","variantCode":"8690804410529","name":"Sărmăluțe în foi de viță cu orez 2kg","slug":"100075512-suntat-sarmalute-in-foi-de-vita-cu-orez-2kg","unitPriceLabel":"30 Lei/kg","brand":"Suntat","brandCode":"966","brandFilterCode":"suntat-b980","sku":"100075512","price":59.99,"originalPrice":76.99,"currencyCode":"RON","currency":"Lei","image":{"thumbnail":{"default":"https://cdn.freshful.ro/media/cache/sylius_shop_product_thumbnail/60/b6/80ea9c5898471edd1d5cf7e0d218.jpg"},"large":{"default":"https://cdn.freshful.ro/media/cache/freshful_large/60/b6/80ea9c5898471edd1d5cf7e0d218.jpg"},"extralarge":{"default":"https://cdn.freshful.ro/media/cache/sylius_shop_product_original/60/b6/80ea9c5898471edd1d5cf7e0d218.jpg"}},"label":{"text":"-22%","backgroundColor":"#FF9903","textColor":"#FFFFFF"},"tags":[{"type":"Vegetarian","text":"Vegetarian","icon":"https://cdn.freshful.ro/assets/product_tags/vegetarian.svg","iconPng":"https://cdn.freshful.ro/assets/product_tags/vegetarian.png","backgroundColor":"#FAEAEE","textColor":"#B26275"}],"isAvailable":true,"maxAvailableQuantity":7,"maxAllowedQuantity":100,"breadcrumbs":[{"code":"10","name":"Dietetic, ECO & internațional","slug":"10-dietetic-bio-si-international"},{"code":"1004","name":"Produse internaționale","slug":"1004-bucatarie-internationala"},{"code":"100401","name":"Produse asiatice","slug":"100401-produse-din-asia"},{"code":"100075512","name":"Sărmăluțe în foi de viță cu orez 2kg","slug":"100075512-suntat-sarmalute-in-foi-de-vita-cu-orez-2kg"}],"activePromotion":{"code":"special-produse-vegane-mar23","name":"Preț redus","targetQuantity":null},"saveMe":null,"labels":[{"type":"v1","items":[{"text":"-22%","backgroundColor":"#FF9903","textColor":"#FFFFFF"}]}],"geniusPrice":null,"geniusUnitPricePerLabel":null,"banner":{"text":"Super preț","textColor":"#FF0000","bgColor":"#FFF2EC","icon":null,"link":"https://www.freshful.ro/oferte/special-produse-vegane-mar23","type":"promo","analyticsEventType":"select_promotion","analyticsEventPayload":{"promotion_id":"special-produse-vegane-mar23","promotion_name":"Și bun, și de post"}},"discountLabel":"Economisești 22%","geniusDiscountLabel":null,"badge":null},{"code":"100124455","variantCode":"100124455","name":"Chipsuri Tortilla cu sare 200g","slug":"100124455-la-fiesta-chipsuri-tortilla-cu-sare-200g","unitPriceLabel":"54,5 Lei/kg","brand":"La Fiesta","brandCode":"2279","brandFilterCode":"la-fiesta-b2269","sku":"100124455","price":10.9,"originalPrice":null,"currencyCode":"RON","currency":"Lei","image":{"thumbnail":{"default":"https://cdn.freshful.ro/media/cache/sylius_shop_product_thumbnail/0f/26/7cc12bacdc2e769c0f3b39387866.jpg"},"large":{"default":"https://cdn.freshful.ro/media/cache/freshful_large/0f/26/7cc12bacdc2e769c0f3b39387866.jpg"},"extralarge":{"default":"https://cdn.freshful.ro/media/cache/sylius_shop_product_original/0f/26/7cc12bacdc2e769c0f3b39387866.jpg"}},"label":null,"tags":[],"isAvailable":true,"maxAvailableQuantity":89,"maxAllowedQuantity":100,"breadcrumbs":[{"code":"10","name":"Dietetic, ECO & internațional","slug":"10-dietetic-bio-si-international"},{"code":"1004","name":"Produse internaționale","slug":"1004-bucatarie-internationala"},{"code":"100403","name":"Produse mexicane","slug":"100403-produse-din-mexic"},{"code":"100124455","name":"Chipsuri Tortilla cu sare 200g","slug":"100124455-la-fiesta-chipsuri-tortilla-cu-sare-200g"}],"activePromotion":null,"saveMe":null,"labels":[],"geniusPrice":null,"geniusUnitPricePerLabel":null,"banner":null,"discountLabel":null,"geniusDiscountLabel":null,"badge":null},{"code":"100082084","variantCode":"9120012041059","name":"Sos de soia 150ml","slug":"100082084-shan-shi-sos-de-soia-150ml","unitPriceLabel":"63,74 Lei/kg","brand":"Shan Shi","brandCode":"188","brandFilterCode":"shan-shi-b189","sku":"100082084","price":10.9,"originalPrice":null,"currencyCode":"RON","currency":"Lei","image":{"thumbnail":{"default":"https://cdn.freshful.ro/media/cache/sylius_shop_product_thumbnail/11/f2/9c8d3725cdbbd10fec3788a64f40.jpg"},"large":{"default":"https://cdn.freshful.ro/media/cache/freshful_large/11/f2/9c8d3725cdbbd10fec3788a64f40.jpg"},"extralarge":{"default":"https://cdn.freshful.ro/media/cache/sylius_shop_product_original/11/f2/9c8d3725cdbbd10fec3788a64f40.jpg"}},"label":null,"tags":[],"isAvailable":true,"maxAvailableQuantity":100,"maxAllowedQuantity":100,"breadcrumbs":[{"code":"10","name":"Dietetic, ECO & internațional","slug":"10-dietetic-bio-si-international"},{"code":"1004","name":"Produse internaționale","slug":"1004-bucatarie-internationala"},{"code":"100401","name":"Produse asiatice","slug":"100401-produse-din-asia"},{"code":"100082084","name":"Sos de soia 150ml","slug":"100082084-shan-shi-sos-de-soia-150ml"}],"activePromotion":null,"saveMe":null,"labels":[],"geniusPrice":null,"geniusUnitPricePerLabel":null,"banner":null,"discountLabel":null,"geniusDiscountLabel":null,"badge":null},{"code":"100093249","variantCode":"100093249","name":"Supă Ramen instant Miso 66g","slug":"100093249-oyakata-supa-ramen-instant-miso-66g","unitPriceLabel":"128,64 Lei/kg","brand":"Oyakata","brandCode":"1072","brandFilterCode":"oyakata-b1072","sku":"100093249","price":8.49,"originalPrice":null,"currencyCode":"RON","currency":"Lei","image":{"thumbnail":{"default":"https://cdn.freshful.ro/media/cache/sylius_shop_product_thumbnail/14/6f/7e9052f2ce7ab3e9de6da963c1c0.jpg"},"large":{"default":"https://cdn.freshful.ro/media/cache/freshful_large/14/6f/7e9052f2ce7ab3e9de6da963c1c0.jpg"},"extralarge":{"default":"https://cdn.freshful.ro/media/cache/sylius_shop_product_original/14/6f/7e9052f2ce7ab3e9de6da963c1c0.jpg"}},"label":null,"tags":[],"isAvailable":true,"maxAvailableQuantity":100,"maxAllowedQuantity":100,"breadcrumbs":[{"code":"10","name":"Dietetic, ECO & internațional","slug":"10-dietetic-bio-si-international"},{"code":"1004","name":"Produse internaționale","slug":"1004-bucatarie-internationala"},{"code":"100401","name":"Produse asiatice","slug":"100401-produse-din-asia"},{"code":"100093249","name":"Supă Ramen instant Miso 66g","slug":"100093249-oyakata-supa-ramen-instant-miso-66g"}],"activePromotion":null,"saveMe":null,"labels":[],"geniusPrice":null,"geniusUnitPricePerLabel":null,"banner":null,"discountLabel":null,"geniusDiscountLabel":null,"badge":null},{"code":"100068400","variantCode":"100068400","name":"Supă Ramen instant cu tăiței și aromă de pui 63g","slug":"100068400-oyakata-supa-ramen-instant-cu-taitei-si-aroma-de-pui-63g","unitPriceLabel":"173,02 Lei/kg","brand":"Oyakata","brandCode":"1072","brandFilterCode":"oyakata-b1072","sku":"100068400","price":10.9,"originalPrice":null,"currencyCode":"RON","currency":"Lei","image":{"thumbnail":{"default":"https://cdn.freshful.ro/media/cache/sylius_shop_product_thumbnail/06/b0/2ba74607f0b74793849397a8f0fa.jpg"},"large":{"default":"https://cdn.freshful.ro/media/cache/freshful_large/06/b0/2ba74607f0b74793849397a8f0fa.jpg"},"extralarge":{"default":"https://cdn.freshful.ro/media/cache/sylius_shop_product_original/06/b0/2ba74607f0b74793849397a8f0fa.jpg"}},"label":null,"tags":[],"isAvailable":true,"maxAvailableQuantity":100,"maxAllowedQuantity":100,"breadcrumbs":[{"code":"10","name":"Dietetic, ECO & internațional","slug":"10-dietetic-bio-si-international"},{"code":"1004","name":"Produse internaționale","slug":"1004-bucatarie-internationala"},{"code":"100401","name":"Produse asiatice","slug":"100401-produse-din-asia"},{"code":"100068400","name":"Supă Ramen instant cu tăiței și aromă de pui 63g","slug":"100068400-oyakata-supa-ramen-instant-cu-taitei-si-aroma-de-pui-63g"}],"activePromotion":null,"saveMe":null,"labels":[],"geniusPrice":null,"geniusUnitPricePerLabel":null,"banner":null,"discountLabel":null,"geniusDiscountLabel":null,"badge":null}]}],"page":0,"limit":0,"pages":0,"count":0,"siblings":[],"children":[],"products":[],"filters":null,"orderBy":[],"metaTitle":"Dietetic, ECO & internațional - Gamă variată","metaDescription":"Vrei Dietetic, ECO & internațional? Alege dintr-o gamă variată. Comanzi simplu și ai livrare rapidă, calitate și prospețime. Hai pe Freshful.ro","metaKeywords":null,"banners":[]}}