{"type":"category","payload":{"analyticsListId":"category_11-cosmetice-si-ingrijire-personala","analyticsListName":"Category - Cosmetice","name":"Cosmetice","slug":"11-cosmetice-si-ingrijire-personala","image":null,"breadcrumbs":[{"code":"11","name":"Cosmetice","slug":"11-cosmetice-si-ingrijire-personala"}],"slots":[{"analyticsListId":"category-slot_1101-deodorante-si-parfumuri","analyticsListName":"Category Slot - Deodorante și parfumuri","type":"products_carousel","title":"Deodorante și parfumuri","link":{"title":"Mai multe","count":183,"url":"/c/11-cosmetice-si-ingrijire-personala/1101-deodorante-si-parfumuri"},"products":[{"code":"100062024","variantCode":"100062024","name":"Antiperspirant stick Invisible Dry 40ml","slug":"100062024-dove-antiperspirant-stick-invisible-dry-40ml","unitPriceLabel":"424 Lei/l","brand":"Dove","brandCode":"763","brandFilterCode":"dove-b764","sku":"100062024","price":16.96,"originalPrice":null,"currencyCode":"RON","currency":"Lei","image":{"thumbnail":{"default":"https://cdn.freshful.ro/media/cache/sylius_shop_product_thumbnail/b6/34/33559378da0698fbc65016d96190.jpg"},"large":{"default":"https://cdn.freshful.ro/media/cache/freshful_large/b6/34/33559378da0698fbc65016d96190.jpg"},"extralarge":{"default":"https://cdn.freshful.ro/media/cache/sylius_shop_product_original/b6/34/33559378da0698fbc65016d96190.jpg"}},"label":{"text":"Profită acum","backgroundColor":"#FF9903","textColor":"#FFFFFF"},"tags":[],"isAvailable":true,"maxAvailableQuantity":99,"maxAllowedQuantity":100,"breadcrumbs":[{"code":"11","name":"Cosmetice","slug":"11-cosmetice-si-ingrijire-personala"},{"code":"1101","name":"Deodorante și parfumuri","slug":"1101-deodorante-si-parfumuri"},{"code":"110102","name":"Deodorante femei","slug":"110102-deodorante-femei"},{"code":"100062024","name":"Antiperspirant stick Invisible Dry 40ml","slug":"100062024-dove-antiperspirant-stick-invisible-dry-40ml"}],"activePromotion":{"code":"freshful-top-deals-2023","name":"Preț avantajos","targetQuantity":null},"saveMe":null,"labels":[{"type":"v1","items":[{"text":"Profită acum","backgroundColor":"#FF9903","textColor":"#FFFFFF"}]}],"geniusPrice":null,"geniusUnitPricePerLabel":null,"banner":{"text":"Preț avantajos","textColor":"#F95510","bgColor":"#FEF1CD","icon":null,"link":"https://www.freshful.ro/oferte/freshful-top-deals-2023","type":"promo","analyticsEventType":"select_promotion","analyticsEventPayload":{"promotion_id":"freshful-top-deals-2023","promotion_name":"Profită de Top Deals"}},"discountLabel":null,"geniusDiscountLabel":null,"badge":null},{"code":"100062293","variantCode":"100062293","name":"Antiperspirant spray Men+Care Invisible Dry 150ml","slug":"100062293-dove-antiperspirant-spray-men-care-invisible-dry-150ml","unitPriceLabel":"113,27 Lei/l","brand":"Dove","brandCode":"763","brandFilterCode":"dove-b764","sku":"100062293","price":16.99,"originalPrice":null,"currencyCode":"RON","currency":"Lei","image":{"thumbnail":{"default":"https://cdn.freshful.ro/media/cache/sylius_shop_product_thumbnail/b0/b8/c462b36070d80cfa232b4ea8bd0c.jpg"},"large":{"default":"https://cdn.freshful.ro/media/cache/freshful_large/b0/b8/c462b36070d80cfa232b4ea8bd0c.jpg"},"extralarge":{"default":"https://cdn.freshful.ro/media/cache/sylius_shop_product_original/b0/b8/c462b36070d80cfa232b4ea8bd0c.jpg"}},"label":{"text":"Profită acum","backgroundColor":"#FF9903","textColor":"#FFFFFF"},"tags":[],"isAvailable":true,"maxAvailableQuantity":100,"maxAllowedQuantity":100,"breadcrumbs":[{"code":"11","name":"Cosmetice","slug":"11-cosmetice-si-ingrijire-personala"},{"code":"1101","name":"Deodorante și parfumuri","slug":"1101-deodorante-si-parfumuri"},{"code":"110101","name":"Deodorante bărbați","slug":"110101-deodorante-barbati"},{"code":"100062293","name":"Antiperspirant spray Men+Care Invisible Dry 150ml","slug":"100062293-dove-antiperspirant-spray-men-care-invisible-dry-150ml"}],"activePromotion":{"code":"oferte-dph-21feb-8mar23","name":"Preț avantajos","targetQuantity":null},"saveMe":null,"labels":[{"type":"v1","items":[{"text":"Profită acum","backgroundColor":"#FF9903","textColor":"#FFFFFF"}]}],"geniusPrice":null,"geniusUnitPricePerLabel":null,"banner":{"text":"Preț avantajos","textColor":"#F95510","bgColor":"#FEF1CD","icon":null,"link":"https://www.freshful.ro/oferte/oferte-dph-21feb-8mar23","type":"promo","analyticsEventType":"select_promotion","analyticsEventPayload":{"promotion_id":"oferte-dph-21feb-8mar23","promotion_name":"Curățenie și îngrijire personală"}},"discountLabel":null,"geniusDiscountLabel":null,"badge":null},{"code":"100062010","variantCode":"100062010","name":"Antiperspirant spray Invisible Dry 150ml","slug":"100062010-dove-antiperspirant-spray-invisible-dry-150ml","unitPriceLabel":"113,27 Lei/l","brand":"Dove","brandCode":"763","brandFilterCode":"dove-b764","sku":"100062010","price":16.99,"originalPrice":null,"currencyCode":"RON","currency":"Lei","image":{"thumbnail":{"default":"https://cdn.freshful.ro/media/cache/sylius_shop_product_thumbnail/86/c9/61e82dcdd212d316875c3bac7f06.jpg"},"large":{"default":"https://cdn.freshful.ro/media/cache/freshful_large/86/c9/61e82dcdd212d316875c3bac7f06.jpg"},"extralarge":{"default":"https://cdn.freshful.ro/media/cache/sylius_shop_product_original/86/c9/61e82dcdd212d316875c3bac7f06.jpg"}},"label":{"text":"Profită acum","backgroundColor":"#FF9903","textColor":"#FFFFFF"},"tags":[],"isAvailable":true,"maxAvailableQuantity":100,"maxAllowedQuantity":100,"breadcrumbs":[{"code":"11","name":"Cosmetice","slug":"11-cosmetice-si-ingrijire-personala"},{"code":"1101","name":"Deodorante și parfumuri","slug":"1101-deodorante-si-parfumuri"},{"code":"110102","name":"Deodorante femei","slug":"110102-deodorante-femei"},{"code":"100062010","name":"Antiperspirant spray Invisible Dry 150ml","slug":"100062010-dove-antiperspirant-spray-invisible-dry-150ml"}],"activePromotion":{"code":"oferte-dph-21feb-8mar23","name":"Preț avantajos","targetQuantity":null},"saveMe":null,"labels":[{"type":"v1","items":[{"text":"Profită acum","backgroundColor":"#FF9903","textColor":"#FFFFFF"}]}],"geniusPrice":null,"geniusUnitPricePerLabel":null,"banner":{"text":"Preț avantajos","textColor":"#F95510","bgColor":"#FEF1CD","icon":null,"link":"https://www.freshful.ro/oferte/oferte-dph-21feb-8mar23","type":"promo","analyticsEventType":"select_promotion","analyticsEventPayload":{"promotion_id":"oferte-dph-21feb-8mar23","promotion_name":"Curățenie și îngrijire personală"}},"discountLabel":null,"geniusDiscountLabel":null,"badge":null},{"code":"100062008","variantCode":"100062008","name":"Antiperspirant spray Original 150ml","slug":"100062008-dove-antiperspirant-spray-original-150ml","unitPriceLabel":"127,87 Lei/l","brand":"Dove","brandCode":"763","brandFilterCode":"dove-b764","sku":"100062008","price":19.18,"originalPrice":null,"currencyCode":"RON","currency":"Lei","image":{"thumbnail":{"default":"https://cdn.freshful.ro/media/cache/sylius_shop_product_thumbnail/01/49/818725c6e3d424c7f5ac362bb1d3.jpg"},"large":{"default":"https://cdn.freshful.ro/media/cache/freshful_large/01/49/818725c6e3d424c7f5ac362bb1d3.jpg"},"extralarge":{"default":"https://cdn.freshful.ro/media/cache/sylius_shop_product_original/01/49/818725c6e3d424c7f5ac362bb1d3.jpg"}},"label":{"text":"-20% cu Genius","backgroundColor":"#FEF3FA","textColor":"#CD015F"},"tags":[],"isAvailable":true,"maxAvailableQuantity":100,"maxAllowedQuantity":100,"breadcrumbs":[{"code":"11","name":"Cosmetice","slug":"11-cosmetice-si-ingrijire-personala"},{"code":"1101","name":"Deodorante și parfumuri","slug":"1101-deodorante-si-parfumuri"},{"code":"110102","name":"Deodorante femei","slug":"110102-deodorante-femei"},{"code":"100062008","name":"Antiperspirant spray Original 150ml","slug":"100062008-dove-antiperspirant-spray-original-150ml"}],"activePromotion":null,"saveMe":null,"labels":[{"type":"gdeals","items":[{"text":"","backgroundColor":"","textColor":""}]},{"type":"v3","items":[{"text":"-20% cu Genius","backgroundColor":"#FEF3FA","textColor":"#CD015F"}]}],"geniusPrice":15.34,"geniusUnitPricePerLabel":"102,27 Lei/l","banner":null,"discountLabel":null,"geniusDiscountLabel":"Economisești 20%","badge":null},{"code":"100062302","variantCode":"100062302","name":"Antiperspirant stick Original 40ml","slug":"100062302-dove-antiperspirant-stick-original-40ml","unitPriceLabel":"424 Lei/l","brand":"Dove","brandCode":"763","brandFilterCode":"dove-b764","sku":"100062302","price":16.96,"originalPrice":null,"currencyCode":"RON","currency":"Lei","image":{"thumbnail":{"default":"https://cdn.freshful.ro/media/cache/sylius_shop_product_thumbnail/48/7a/ca658476ee299c822de2589f9b51.jpg"},"large":{"default":"https://cdn.freshful.ro/media/cache/freshful_large/48/7a/ca658476ee299c822de2589f9b51.jpg"},"extralarge":{"default":"https://cdn.freshful.ro/media/cache/sylius_shop_product_original/48/7a/ca658476ee299c822de2589f9b51.jpg"}},"label":{"text":"Profită acum","backgroundColor":"#FF9903","textColor":"#FFFFFF"},"tags":[],"isAvailable":true,"maxAvailableQuantity":100,"maxAllowedQuantity":100,"breadcrumbs":[{"code":"11","name":"Cosmetice","slug":"11-cosmetice-si-ingrijire-personala"},{"code":"1101","name":"Deodorante și parfumuri","slug":"1101-deodorante-si-parfumuri"},{"code":"110102","name":"Deodorante femei","slug":"110102-deodorante-femei"},{"code":"100062302","name":"Antiperspirant stick Original 40ml","slug":"100062302-dove-antiperspirant-stick-original-40ml"}],"activePromotion":{"code":"freshful-top-deals-2023","name":"Preț avantajos","targetQuantity":null},"saveMe":null,"labels":[{"type":"v1","items":[{"text":"Profită acum","backgroundColor":"#FF9903","textColor":"#FFFFFF"}]}],"geniusPrice":null,"geniusUnitPricePerLabel":null,"banner":{"text":"Preț avantajos","textColor":"#F95510","bgColor":"#FEF1CD","icon":null,"link":"https://www.freshful.ro/oferte/freshful-top-deals-2023","type":"promo","analyticsEventType":"select_promotion","analyticsEventPayload":{"promotion_id":"freshful-top-deals-2023","promotion_name":"Profită de Top Deals"}},"discountLabel":null,"geniusDiscountLabel":null,"badge":null},{"code":"100062296","variantCode":"100062296","name":"Antiperspirant spray Men+Care Clean Comfort 150ml","slug":"100062296-dove-antiperspirant-spray-men-care-clean-comfort-150ml","unitPriceLabel":"106,6 Lei/l","brand":"Dove","brandCode":"763","brandFilterCode":"dove-b764","sku":"100062296","price":15.99,"originalPrice":18.52,"currencyCode":"RON","currency":"Lei","image":{"thumbnail":{"default":"https://cdn.freshful.ro/media/cache/sylius_shop_product_thumbnail/0e/14/bf8c04432a46062d3a7b71c0e250.jpg"},"large":{"default":"https://cdn.freshful.ro/media/cache/freshful_large/0e/14/bf8c04432a46062d3a7b71c0e250.jpg"},"extralarge":{"default":"https://cdn.freshful.ro/media/cache/sylius_shop_product_original/0e/14/bf8c04432a46062d3a7b71c0e250.jpg"}},"label":{"text":"-13%","backgroundColor":"#FF9903","textColor":"#FFFFFF"},"tags":[],"isAvailable":true,"maxAvailableQuantity":100,"maxAllowedQuantity":100,"breadcrumbs":[{"code":"11","name":"Cosmetice","slug":"11-cosmetice-si-ingrijire-personala"},{"code":"1101","name":"Deodorante și parfumuri","slug":"1101-deodorante-si-parfumuri"},{"code":"110101","name":"Deodorante bărbați","slug":"110101-deodorante-barbati"},{"code":"100062296","name":"Antiperspirant spray Men+Care Clean Comfort 150ml","slug":"100062296-dove-antiperspirant-spray-men-care-clean-comfort-150ml"}],"activePromotion":{"code":"oferte-dph-21feb-8mar23","name":"Preț redus","targetQuantity":null},"saveMe":null,"labels":[{"type":"v1","items":[{"text":"-13%","backgroundColor":"#FF9903","textColor":"#FFFFFF"}]}],"geniusPrice":null,"geniusUnitPricePerLabel":null,"banner":{"text":"Super preț","textColor":"#FF0000","bgColor":"#FFF2EC","icon":null,"link":"https://www.freshful.ro/oferte/oferte-dph-21feb-8mar23","type":"promo","analyticsEventType":"select_promotion","analyticsEventPayload":{"promotion_id":"oferte-dph-21feb-8mar23","promotion_name":"Curățenie și îngrijire personală"}},"discountLabel":"Economisești 13%","geniusDiscountLabel":null,"badge":null},{"code":"100062294","variantCode":"100062294","name":"Antiperspirant spray Pomegranate 150ml","slug":"100062294-dove-antiperspirant-spray-pomegranate-150ml","unitPriceLabel":"113,27 Lei/l","brand":"Dove","brandCode":"763","brandFilterCode":"dove-b764","sku":"100062294","price":16.99,"originalPrice":18.52,"currencyCode":"RON","currency":"Lei","image":{"thumbnail":{"default":"https://cdn.freshful.ro/media/cache/sylius_shop_product_thumbnail/62/17/151792355e3a4e9d6163bffd80c7.jpg"},"large":{"default":"https://cdn.freshful.ro/media/cache/freshful_large/62/17/151792355e3a4e9d6163bffd80c7.jpg"},"extralarge":{"default":"https://cdn.freshful.ro/media/cache/sylius_shop_product_original/62/17/151792355e3a4e9d6163bffd80c7.jpg"}},"label":{"text":"-8%","backgroundColor":"#FF9903","textColor":"#FFFFFF"},"tags":[],"isAvailable":true,"maxAvailableQuantity":100,"maxAllowedQuantity":100,"breadcrumbs":[{"code":"11","name":"Cosmetice","slug":"11-cosmetice-si-ingrijire-personala"},{"code":"1101","name":"Deodorante și parfumuri","slug":"1101-deodorante-si-parfumuri"},{"code":"110102","name":"Deodorante femei","slug":"110102-deodorante-femei"},{"code":"100062294","name":"Antiperspirant spray Pomegranate 150ml","slug":"100062294-dove-antiperspirant-spray-pomegranate-150ml"}],"activePromotion":{"code":"oferte-dph-21feb-8mar23","name":"Preț redus","targetQuantity":null},"saveMe":null,"labels":[{"type":"v1","items":[{"text":"-8%","backgroundColor":"#FF9903","textColor":"#FFFFFF"}]}],"geniusPrice":null,"geniusUnitPricePerLabel":null,"banner":{"text":"Super preț","textColor":"#FF0000","bgColor":"#FFF2EC","icon":null,"link":"https://www.freshful.ro/oferte/oferte-dph-21feb-8mar23","type":"promo","analyticsEventType":"select_promotion","analyticsEventPayload":{"promotion_id":"oferte-dph-21feb-8mar23","promotion_name":"Curățenie și îngrijire personală"}},"discountLabel":"Economisești 8%","geniusDiscountLabel":null,"badge":null},{"code":"100062298","variantCode":"100062298","name":"Antiperspirant spray Coconut&Jasmine 150ml","slug":"100062298-dove-antiperspirant-spray-coconut-jasmine-150ml","unitPriceLabel":"113,27 Lei/l","brand":"Dove","brandCode":"763","brandFilterCode":"dove-b764","sku":"100062298","price":16.99,"originalPrice":19.49,"currencyCode":"RON","currency":"Lei","image":{"thumbnail":{"default":"https://cdn.freshful.ro/media/cache/sylius_shop_product_thumbnail/bd/43/4b2e67cba533b01c4227f5fa8365.jpg"},"large":{"default":"https://cdn.freshful.ro/media/cache/freshful_large/bd/43/4b2e67cba533b01c4227f5fa8365.jpg"},"extralarge":{"default":"https://cdn.freshful.ro/media/cache/sylius_shop_product_original/bd/43/4b2e67cba533b01c4227f5fa8365.jpg"}},"label":{"text":"-12%","backgroundColor":"#FF9903","textColor":"#FFFFFF"},"tags":[],"isAvailable":true,"maxAvailableQuantity":71,"maxAllowedQuantity":100,"breadcrumbs":[{"code":"11","name":"Cosmetice","slug":"11-cosmetice-si-ingrijire-personala"},{"code":"1101","name":"Deodorante și parfumuri","slug":"1101-deodorante-si-parfumuri"},{"code":"110102","name":"Deodorante femei","slug":"110102-deodorante-femei"},{"code":"100062298","name":"Antiperspirant spray Coconut&Jasmine 150ml","slug":"100062298-dove-antiperspirant-spray-coconut-jasmine-150ml"}],"activePromotion":{"code":"oferte-dph-21feb-8mar23","name":"Preț redus","targetQuantity":null},"saveMe":null,"labels":[{"type":"v1","items":[{"text":"-12%","backgroundColor":"#FF9903","textColor":"#FFFFFF"}]}],"geniusPrice":null,"geniusUnitPricePerLabel":null,"banner":{"text":"Super preț","textColor":"#FF0000","bgColor":"#FFF2EC","icon":null,"link":"https://www.freshful.ro/oferte/oferte-dph-21feb-8mar23","type":"promo","analyticsEventType":"select_promotion","analyticsEventPayload":{"promotion_id":"oferte-dph-21feb-8mar23","promotion_name":"Curățenie și îngrijire personală"}},"discountLabel":"Economisești 12%","geniusDiscountLabel":null,"badge":null},{"code":"100062295","variantCode":"100062295","name":"Antiperspirant spray Go Fresh Pear&Aloe Vera 150ml","slug":"100062295-dove-antiperspirant-spray-go-fresh-pear-aloe-vera-150ml","unitPriceLabel":"113,27 Lei/l","brand":"Dove","brandCode":"763","brandFilterCode":"dove-b764","sku":"100062295","price":16.99,"originalPrice":19.49,"currencyCode":"RON","currency":"Lei","image":{"thumbnail":{"default":"https://cdn.freshful.ro/media/cache/sylius_shop_product_thumbnail/a9/cb/0d76baa623d00a200684622b8342.jpg"},"large":{"default":"https://cdn.freshful.ro/media/cache/freshful_large/a9/cb/0d76baa623d00a200684622b8342.jpg"},"extralarge":{"default":"https://cdn.freshful.ro/media/cache/sylius_shop_product_original/a9/cb/0d76baa623d00a200684622b8342.jpg"}},"label":{"text":"-12%","backgroundColor":"#FF9903","textColor":"#FFFFFF"},"tags":[],"isAvailable":true,"maxAvailableQuantity":100,"maxAllowedQuantity":100,"breadcrumbs":[{"code":"11","name":"Cosmetice","slug":"11-cosmetice-si-ingrijire-personala"},{"code":"1101","name":"Deodorante și parfumuri","slug":"1101-deodorante-si-parfumuri"},{"code":"110102","name":"Deodorante femei","slug":"110102-deodorante-femei"},{"code":"100062295","name":"Antiperspirant spray Go Fresh Pear&Aloe Vera 150ml","slug":"100062295-dove-antiperspirant-spray-go-fresh-pear-aloe-vera-150ml"}],"activePromotion":{"code":"oferte-dph-21feb-8mar23","name":"Preț redus","targetQuantity":null},"saveMe":null,"labels":[{"type":"v1","items":[{"text":"-12%","backgroundColor":"#FF9903","textColor":"#FFFFFF"}]}],"geniusPrice":null,"geniusUnitPricePerLabel":null,"banner":{"text":"Super preț","textColor":"#FF0000","bgColor":"#FFF2EC","icon":null,"link":"https://www.freshful.ro/oferte/oferte-dph-21feb-8mar23","type":"promo","analyticsEventType":"select_promotion","analyticsEventPayload":{"promotion_id":"oferte-dph-21feb-8mar23","promotion_name":"Curățenie și îngrijire personală"}},"discountLabel":"Economisești 12%","geniusDiscountLabel":null,"badge":null},{"code":"100062016","variantCode":"100062016","name":"Antiperspirant spray Matcha&Sakura Blossom 150ml","slug":"100062016-dove-antiperspirant-spray-matcha-sakura-blossom-150ml","unitPriceLabel":"113,27 Lei/l","brand":"Dove","brandCode":"763","brandFilterCode":"dove-b764","sku":"100062016","price":16.99,"originalPrice":19.49,"currencyCode":"RON","currency":"Lei","image":{"thumbnail":{"default":"https://cdn.freshful.ro/media/cache/sylius_shop_product_thumbnail/fd/eb/db57dd6aca7fd9c1c5ea87d50baa.jpg"},"large":{"default":"https://cdn.freshful.ro/media/cache/freshful_large/fd/eb/db57dd6aca7fd9c1c5ea87d50baa.jpg"},"extralarge":{"default":"https://cdn.freshful.ro/media/cache/sylius_shop_product_original/fd/eb/db57dd6aca7fd9c1c5ea87d50baa.jpg"}},"label":{"text":"-12%","backgroundColor":"#FF9903","textColor":"#FFFFFF"},"tags":[],"isAvailable":true,"maxAvailableQuantity":40,"maxAllowedQuantity":100,"breadcrumbs":[{"code":"11","name":"Cosmetice","slug":"11-cosmetice-si-ingrijire-personala"},{"code":"1101","name":"Deodorante și parfumuri","slug":"1101-deodorante-si-parfumuri"},{"code":"110102","name":"Deodorante femei","slug":"110102-deodorante-femei"},{"code":"100062016","name":"Antiperspirant spray Matcha&Sakura Blossom 150ml","slug":"100062016-dove-antiperspirant-spray-matcha-sakura-blossom-150ml"}],"activePromotion":{"code":"oferte-dph-21feb-8mar23","name":"Preț redus","targetQuantity":null},"saveMe":null,"labels":[{"type":"v1","items":[{"text":"-12%","backgroundColor":"#FF9903","textColor":"#FFFFFF"}]}],"geniusPrice":null,"geniusUnitPricePerLabel":null,"banner":{"text":"Super preț","textColor":"#FF0000","bgColor":"#FFF2EC","icon":null,"link":"https://www.freshful.ro/oferte/oferte-dph-21feb-8mar23","type":"promo","analyticsEventType":"select_promotion","analyticsEventPayload":{"promotion_id":"oferte-dph-21feb-8mar23","promotion_name":"Curățenie și îngrijire personală"}},"discountLabel":"Economisești 12%","geniusDiscountLabel":null,"badge":null}]},{"analyticsListId":"category-slot_1102-produse-pentru-barbierit-si-ingrijit-ten","analyticsListName":"Category Slot - Bărbierit și îngrijire ten","type":"products_carousel","title":"Bărbierit și îngrijire ten","link":{"title":"Mai multe","count":112,"url":"/c/11-cosmetice-si-ingrijire-personala/1102-produse-pentru-barbierit-si-ingrijit-ten"},"products":[{"code":"100124538","variantCode":"100124538","name":"Aparat de ras Fusion5 ProGlide + 4 rezerve","slug":"100124538-gillette-aparat-de-ras-fusion5-proglide-4-rezerve","unitPriceLabel":"","brand":"Gillette","brandCode":"660","brandFilterCode":"gillette-b661","sku":"100124538","price":53.99,"originalPrice":87.7,"currencyCode":"RON","currency":"Lei","image":{"thumbnail":{"default":"https://cdn.freshful.ro/media/cache/sylius_shop_product_thumbnail/93/e6/77e4d5508f55d1abb4e00651f2d0.jpg"},"large":{"default":"https://cdn.freshful.ro/media/cache/freshful_large/93/e6/77e4d5508f55d1abb4e00651f2d0.jpg"},"extralarge":{"default":"https://cdn.freshful.ro/media/cache/sylius_shop_product_original/93/e6/77e4d5508f55d1abb4e00651f2d0.jpg"}},"label":{"text":"-38%","backgroundColor":"#FF9903","textColor":"#FFFFFF"},"tags":[],"isAvailable":true,"maxAvailableQuantity":98,"maxAllowedQuantity":100,"breadcrumbs":[{"code":"11","name":"Cosmetice","slug":"11-cosmetice-si-ingrijire-personala"},{"code":"1102","name":"Bărbierit și îngrijire ten","slug":"1102-produse-pentru-barbierit-si-ingrijit-ten"},{"code":"110202","name":"Aparate și lame de ras","slug":"110202-aparate-si-lame-de-ras"},{"code":"100124538","name":"Aparat de ras Fusion5 ProGlide + 4 rezerve","slug":"100124538-gillette-aparat-de-ras-fusion5-proglide-4-rezerve"}],"activePromotion":{"code":"superpreturile-saptamanii","name":"Preț redus","targetQuantity":null},"saveMe":null,"labels":[{"type":"v1","items":[{"text":"-38%","backgroundColor":"#FF9903","textColor":"#FFFFFF"}]}],"geniusPrice":null,"geniusUnitPricePerLabel":null,"banner":{"text":"Super preț","textColor":"#FF0000","bgColor":"#FFF2EC","icon":null,"link":"https://www.freshful.ro/oferte/superpreturile-saptamanii","type":"promo","analyticsEventType":"select_promotion","analyticsEventPayload":{"promotion_id":"superpreturile-saptamanii","promotion_name":"Superprețurile zilei"}},"discountLabel":"Economisești 38%","geniusDiscountLabel":null,"badge":null},{"code":"100091311","variantCode":"100091311","name":"Rezerve aparat de ras Mach3, 18 buc","slug":"100091311-gillette-rezerve-aparat-de-ras-mach3-18-buc","unitPriceLabel":"","brand":"Gillette","brandCode":"660","brandFilterCode":"gillette-b661","sku":"100091311","price":159.99,"originalPrice":199.99,"currencyCode":"RON","currency":"Lei","image":{"thumbnail":{"default":"https://cdn.freshful.ro/media/cache/sylius_shop_product_thumbnail/db/49/3385646507c20776f24b3123ac96.jpg"},"large":{"default":"https://cdn.freshful.ro/media/cache/freshful_large/db/49/3385646507c20776f24b3123ac96.jpg"},"extralarge":{"default":"https://cdn.freshful.ro/media/cache/sylius_shop_product_original/db/49/3385646507c20776f24b3123ac96.jpg"}},"label":{"text":"-20%","backgroundColor":"#FF9903","textColor":"#FFFFFF"},"tags":[],"isAvailable":true,"maxAvailableQuantity":64,"maxAllowedQuantity":100,"breadcrumbs":[{"code":"11","name":"Cosmetice","slug":"11-cosmetice-si-ingrijire-personala"},{"code":"1102","name":"Bărbierit și îngrijire ten","slug":"1102-produse-pentru-barbierit-si-ingrijit-ten"},{"code":"110202","name":"Aparate și lame de ras","slug":"110202-aparate-si-lame-de-ras"},{"code":"100091311","name":"Rezerve aparat de ras Mach3, 18 buc","slug":"100091311-gillette-rezerve-aparat-de-ras-mach3-18-buc"}],"activePromotion":{"code":"oferte-dph-21feb-8mar23","name":"Preț redus","targetQuantity":null},"saveMe":null,"labels":[{"type":"v1","items":[{"text":"-20%","backgroundColor":"#FF9903","textColor":"#FFFFFF"}]}],"geniusPrice":null,"geniusUnitPricePerLabel":null,"banner":{"text":"Super preț","textColor":"#FF0000","bgColor":"#FFF2EC","icon":null,"link":"https://www.freshful.ro/oferte/oferte-dph-21feb-8mar23","type":"promo","analyticsEventType":"select_promotion","analyticsEventPayload":{"promotion_id":"oferte-dph-21feb-8mar23","promotion_name":"Curățenie și îngrijire personală"}},"discountLabel":"Economisești 20%","geniusDiscountLabel":null,"badge":null},{"code":"100091333","variantCode":"100091333","name":"Spumă de ras Regular Sensitive 300ml","slug":"100091333-gillette-spuma-de-ras-regular-sensitive-300ml","unitPriceLabel":"41,97 Lei/l","brand":"Gillette","brandCode":"660","brandFilterCode":"gillette-b661","sku":"100091333","price":12.59,"originalPrice":null,"currencyCode":"RON","currency":"Lei","image":{"thumbnail":{"default":"https://cdn.freshful.ro/media/cache/sylius_shop_product_thumbnail/50/0c/b586471b8d2a3178bc471fc3f8be.jpg"},"large":{"default":"https://cdn.freshful.ro/media/cache/freshful_large/50/0c/b586471b8d2a3178bc471fc3f8be.jpg"},"extralarge":{"default":"https://cdn.freshful.ro/media/cache/sylius_shop_product_original/50/0c/b586471b8d2a3178bc471fc3f8be.jpg"}},"label":null,"tags":[],"isAvailable":true,"maxAvailableQuantity":100,"maxAllowedQuantity":100,"breadcrumbs":[{"code":"11","name":"Cosmetice","slug":"11-cosmetice-si-ingrijire-personala"},{"code":"1102","name":"Bărbierit și îngrijire ten","slug":"1102-produse-pentru-barbierit-si-ingrijit-ten"},{"code":"110203","name":"Spumă și gel de ras","slug":"110203-spuma-si-gel-de-ras"},{"code":"100091333","name":"Spumă de ras Regular Sensitive 300ml","slug":"100091333-gillette-spuma-de-ras-regular-sensitive-300ml"}],"activePromotion":null,"saveMe":null,"labels":[],"geniusPrice":null,"geniusUnitPricePerLabel":null,"banner":null,"discountLabel":null,"geniusDiscountLabel":null,"badge":null},{"code":"100091340","variantCode":"100091340","name":"Gel de ras Series Sensitive 240ml","slug":"100091340-gillette-gel-de-ras-series-sensitive-240ml","unitPriceLabel":"95,42 Lei/l","brand":"Gillette","brandCode":"660","brandFilterCode":"gillette-b661","sku":"100091340","price":22.9,"originalPrice":null,"currencyCode":"RON","currency":"Lei","image":{"thumbnail":{"default":"https://cdn.freshful.ro/media/cache/sylius_shop_product_thumbnail/82/01/f88139b26a282cb54bcbb6c1a467.jpg"},"large":{"default":"https://cdn.freshful.ro/media/cache/freshful_large/82/01/f88139b26a282cb54bcbb6c1a467.jpg"},"extralarge":{"default":"https://cdn.freshful.ro/media/cache/sylius_shop_product_original/82/01/f88139b26a282cb54bcbb6c1a467.jpg"}},"label":null,"tags":[],"isAvailable":true,"maxAvailableQuantity":72,"maxAllowedQuantity":100,"breadcrumbs":[{"code":"11","name":"Cosmetice","slug":"11-cosmetice-si-ingrijire-personala"},{"code":"1102","name":"Bărbierit și îngrijire ten","slug":"1102-produse-pentru-barbierit-si-ingrijit-ten"},{"code":"110203","name":"Spumă și gel de ras","slug":"110203-spuma-si-gel-de-ras"},{"code":"100091340","name":"Gel de ras Series Sensitive 240ml","slug":"100091340-gillette-gel-de-ras-series-sensitive-240ml"}],"activePromotion":null,"saveMe":null,"labels":[],"geniusPrice":null,"geniusUnitPricePerLabel":null,"banner":null,"discountLabel":null,"geniusDiscountLabel":null,"badge":null},{"code":"100100941","variantCode":"100100941","name":"Aparat de ras Sensitive 6 buc","slug":"100100941-bic-aparat-de-ras-sensitive-6-buc","unitPriceLabel":"2,32 Lei/buc","brand":"BiC","brandCode":"319","brandFilterCode":"bic-b320","sku":"100100941","price":13.9,"originalPrice":null,"currencyCode":"RON","currency":"Lei","image":{"thumbnail":{"default":"https://cdn.freshful.ro/media/cache/sylius_shop_product_thumbnail/b5/f9/735ce789bacdce0d9be9ee2d3985.jpg"},"large":{"default":"https://cdn.freshful.ro/media/cache/freshful_large/b5/f9/735ce789bacdce0d9be9ee2d3985.jpg"},"extralarge":{"default":"https://cdn.freshful.ro/media/cache/sylius_shop_product_original/b5/f9/735ce789bacdce0d9be9ee2d3985.jpg"}},"label":null,"tags":[],"isAvailable":true,"maxAvailableQuantity":41,"maxAllowedQuantity":100,"breadcrumbs":[{"code":"11","name":"Cosmetice","slug":"11-cosmetice-si-ingrijire-personala"},{"code":"1102","name":"Bărbierit și îngrijire ten","slug":"1102-produse-pentru-barbierit-si-ingrijit-ten"},{"code":"110202","name":"Aparate și lame de ras","slug":"110202-aparate-si-lame-de-ras"},{"code":"100100941","name":"Aparat de ras Sensitive 6 buc","slug":"100100941-bic-aparat-de-ras-sensitive-6-buc"}],"activePromotion":null,"saveMe":null,"labels":[],"geniusPrice":null,"geniusUnitPricePerLabel":null,"banner":null,"discountLabel":null,"geniusDiscountLabel":null,"badge":null},{"code":"100091306","variantCode":"100091306","name":"Aparat de ras de unică folosință Blue3 Comfort 4 buc","slug":"100091306-gillette-aparat-de-ras-de-unica-folosinta-blue3-comfort-4-buc","unitPriceLabel":"","brand":"Gillette","brandCode":"660","brandFilterCode":"gillette-b661","sku":"100091306","price":17.9,"originalPrice":null,"currencyCode":"RON","currency":"Lei","image":{"thumbnail":{"default":"https://cdn.freshful.ro/media/cache/sylius_shop_product_thumbnail/41/34/3a3ee85d3c66ef1998c090b5a967.jpg"},"large":{"default":"https://cdn.freshful.ro/media/cache/freshful_large/41/34/3a3ee85d3c66ef1998c090b5a967.jpg"},"extralarge":{"default":"https://cdn.freshful.ro/media/cache/sylius_shop_product_original/41/34/3a3ee85d3c66ef1998c090b5a967.jpg"}},"label":null,"tags":[],"isAvailable":true,"maxAvailableQuantity":75,"maxAllowedQuantity":100,"breadcrumbs":[{"code":"11","name":"Cosmetice","slug":"11-cosmetice-si-ingrijire-personala"},{"code":"1102","name":"Bărbierit și îngrijire ten","slug":"1102-produse-pentru-barbierit-si-ingrijit-ten"},{"code":"110202","name":"Aparate și lame de ras","slug":"110202-aparate-si-lame-de-ras"},{"code":"100091306","name":"Aparat de ras de unică folosință Blue3 Comfort 4 buc","slug":"100091306-gillette-aparat-de-ras-de-unica-folosinta-blue3-comfort-4-buc"}],"activePromotion":null,"saveMe":null,"labels":[],"geniusPrice":null,"geniusUnitPricePerLabel":null,"banner":null,"discountLabel":null,"geniusDiscountLabel":null,"badge":null},{"code":"100091304","variantCode":"100091304","name":"Aparat de ras de unică folosință Blue3 Sensitive 3buc","slug":"100091304-gillette-aparat-de-ras-de-unica-folosinta-blue3-sensitive-3buc","unitPriceLabel":"","brand":"Gillette","brandCode":"660","brandFilterCode":"gillette-b661","sku":"100091304","price":17.9,"originalPrice":null,"currencyCode":"RON","currency":"Lei","image":{"thumbnail":{"default":"https://cdn.freshful.ro/media/cache/sylius_shop_product_thumbnail/04/b6/53dffb977e18533602e689489dc5.jpg"},"large":{"default":"https://cdn.freshful.ro/media/cache/freshful_large/04/b6/53dffb977e18533602e689489dc5.jpg"},"extralarge":{"default":"https://cdn.freshful.ro/media/cache/sylius_shop_product_original/04/b6/53dffb977e18533602e689489dc5.jpg"}},"label":null,"tags":[],"isAvailable":true,"maxAvailableQuantity":59,"maxAllowedQuantity":100,"breadcrumbs":[{"code":"11","name":"Cosmetice","slug":"11-cosmetice-si-ingrijire-personala"},{"code":"1102","name":"Bărbierit și îngrijire ten","slug":"1102-produse-pentru-barbierit-si-ingrijit-ten"},{"code":"110202","name":"Aparate și lame de ras","slug":"110202-aparate-si-lame-de-ras"},{"code":"100091304","name":"Aparat de ras de unică folosință Blue3 Sensitive 3buc","slug":"100091304-gillette-aparat-de-ras-de-unica-folosinta-blue3-sensitive-3buc"}],"activePromotion":null,"saveMe":null,"labels":[],"geniusPrice":null,"geniusUnitPricePerLabel":null,"banner":null,"discountLabel":null,"geniusDiscountLabel":null,"badge":null},{"code":"100033711","variantCode":"9005800308432","name":"Gel de ras Sensitive 200ml","slug":"100033711-nivea-gel-de-ras-sensitive-200ml","unitPriceLabel":"89,45 Lei/l","brand":"Nivea","brandCode":"316","brandFilterCode":"nivea-b317","sku":"100033711","price":17.89,"originalPrice":null,"currencyCode":"RON","currency":"Lei","image":{"thumbnail":{"default":"https://cdn.freshful.ro/media/cache/sylius_shop_product_thumbnail/c2/ba/390a995cb219269599866b1f1c75.jpg"},"large":{"default":"https://cdn.freshful.ro/media/cache/freshful_large/c2/ba/390a995cb219269599866b1f1c75.jpg"},"extralarge":{"default":"https://cdn.freshful.ro/media/cache/sylius_shop_product_original/c2/ba/390a995cb219269599866b1f1c75.jpg"}},"label":null,"tags":[],"isAvailable":true,"maxAvailableQuantity":21,"maxAllowedQuantity":100,"breadcrumbs":[{"code":"11","name":"Cosmetice","slug":"11-cosmetice-si-ingrijire-personala"},{"code":"1102","name":"Bărbierit și îngrijire ten","slug":"1102-produse-pentru-barbierit-si-ingrijit-ten"},{"code":"110203","name":"Spumă și gel de ras","slug":"110203-spuma-si-gel-de-ras"},{"code":"100033711","name":"Gel de ras Sensitive 200ml","slug":"100033711-nivea-gel-de-ras-sensitive-200ml"}],"activePromotion":null,"saveMe":null,"labels":[],"geniusPrice":null,"geniusUnitPricePerLabel":null,"banner":null,"discountLabel":null,"geniusDiscountLabel":null,"badge":null},{"code":"100091308","variantCode":"100091308","name":"Aparat de ras de unică folosință Blue3 Simple 4buc","slug":"100091308-gillette-aparat-de-ras-de-unica-folosinta-blue3-simple-4buc","unitPriceLabel":"","brand":"Gillette","brandCode":"660","brandFilterCode":"gillette-b661","sku":"100091308","price":12.9,"originalPrice":null,"currencyCode":"RON","currency":"Lei","image":{"thumbnail":{"default":"https://cdn.freshful.ro/media/cache/sylius_shop_product_thumbnail/71/1e/27c0b54fe53f35faccb797a5d330.jpg"},"large":{"default":"https://cdn.freshful.ro/media/cache/freshful_large/71/1e/27c0b54fe53f35faccb797a5d330.jpg"},"extralarge":{"default":"https://cdn.freshful.ro/media/cache/sylius_shop_product_original/71/1e/27c0b54fe53f35faccb797a5d330.jpg"}},"label":null,"tags":[],"isAvailable":true,"maxAvailableQuantity":57,"maxAllowedQuantity":100,"breadcrumbs":[{"code":"11","name":"Cosmetice","slug":"11-cosmetice-si-ingrijire-personala"},{"code":"1102","name":"Bărbierit și îngrijire ten","slug":"1102-produse-pentru-barbierit-si-ingrijit-ten"},{"code":"110202","name":"Aparate și lame de ras","slug":"110202-aparate-si-lame-de-ras"},{"code":"100091308","name":"Aparat de ras de unică folosință Blue3 Simple 4buc","slug":"100091308-gillette-aparat-de-ras-de-unica-folosinta-blue3-simple-4buc"}],"activePromotion":null,"saveMe":null,"labels":[],"geniusPrice":null,"geniusUnitPricePerLabel":null,"banner":null,"discountLabel":null,"geniusDiscountLabel":null,"badge":null},{"code":"100033784","variantCode":"4005808310715","name":"Spumă de ras pentru ten sensibil 200ml","slug":"100033784-nivea-spuma-de-ras-pentru-ten-sensibil-200ml","unitPriceLabel":"81,45 Lei/l","brand":"Nivea","brandCode":"316","brandFilterCode":"nivea-b317","sku":"100033784","price":16.29,"originalPrice":null,"currencyCode":"RON","currency":"Lei","image":{"thumbnail":{"default":"https://cdn.freshful.ro/media/cache/sylius_shop_product_thumbnail/65/a6/46b0ddf68f65e0ef490a6f3ae429.jpg"},"large":{"default":"https://cdn.freshful.ro/media/cache/freshful_large/65/a6/46b0ddf68f65e0ef490a6f3ae429.jpg"},"extralarge":{"default":"https://cdn.freshful.ro/media/cache/sylius_shop_product_original/65/a6/46b0ddf68f65e0ef490a6f3ae429.jpg"}},"label":null,"tags":[],"isAvailable":true,"maxAvailableQuantity":27,"maxAllowedQuantity":100,"breadcrumbs":[{"code":"11","name":"Cosmetice","slug":"11-cosmetice-si-ingrijire-personala"},{"code":"1102","name":"Bărbierit și îngrijire ten","slug":"1102-produse-pentru-barbierit-si-ingrijit-ten"},{"code":"110203","name":"Spumă și gel de ras","slug":"110203-spuma-si-gel-de-ras"},{"code":"100033784","name":"Spumă de ras pentru ten sensibil 200ml","slug":"100033784-nivea-spuma-de-ras-pentru-ten-sensibil-200ml"}],"activePromotion":null,"saveMe":null,"labels":[],"geniusPrice":null,"geniusUnitPricePerLabel":null,"banner":null,"discountLabel":null,"geniusDiscountLabel":null,"badge":null}]},{"analyticsListId":"category-slot_1103-creme-intretinere-si-demachiante","analyticsListName":"Category Slot - Demachiante și creme","type":"products_carousel","title":"Demachiante și creme","link":{"title":"Mai multe","count":289,"url":"/c/11-cosmetice-si-ingrijire-personala/1103-creme-intretinere-si-demachiante"},"products":[{"code":"100148326","variantCode":"100148326","name":"Balsam pentru buze crăpate și uscate 4.8g","slug":"100148326-neutrogena-balsam-pentru-buze-crapate-si-uscate-4-8g","unitPriceLabel":"10,99 Lei/buc","brand":"Neutrogena","brandCode":"548","brandFilterCode":"neutrogena-b549","sku":"100148326","price":10.99,"originalPrice":12.91,"currencyCode":"RON","currency":"Lei","image":{"thumbnail":{"default":"https://cdn.freshful.ro/media/cache/sylius_shop_product_thumbnail/13/ce/d7491b87a2c8c8b8ff4116fecfc1.jpg"},"large":{"default":"https://cdn.freshful.ro/media/cache/freshful_large/13/ce/d7491b87a2c8c8b8ff4116fecfc1.jpg"},"extralarge":{"default":"https://cdn.freshful.ro/media/cache/sylius_shop_product_original/13/ce/d7491b87a2c8c8b8ff4116fecfc1.jpg"}},"label":{"text":"-14%","backgroundColor":"#FF9903","textColor":"#FFFFFF"},"tags":[],"isAvailable":true,"maxAvailableQuantity":22,"maxAllowedQuantity":100,"breadcrumbs":[{"code":"11","name":"Cosmetice","slug":"11-cosmetice-si-ingrijire-personala"},{"code":"1103","name":"Demachiante și creme","slug":"1103-creme-intretinere-si-demachiante"},{"code":"110301","name":"Creme pentru față","slug":"110301-creme-de-fata"},{"code":"100148326","name":"Balsam pentru buze crăpate și uscate 4.8g","slug":"100148326-neutrogena-balsam-pentru-buze-crapate-si-uscate-4-8g"}],"activePromotion":{"code":"oferte-dph-21feb-8mar23","name":"Preț redus","targetQuantity":null},"saveMe":null,"labels":[{"type":"v1","items":[{"text":"-14%","backgroundColor":"#FF9903","textColor":"#FFFFFF"}]}],"geniusPrice":null,"geniusUnitPricePerLabel":null,"banner":{"text":"Super preț","textColor":"#FF0000","bgColor":"#FFF2EC","icon":null,"link":"https://www.freshful.ro/oferte/oferte-dph-21feb-8mar23","type":"promo","analyticsEventType":"select_promotion","analyticsEventPayload":{"promotion_id":"oferte-dph-21feb-8mar23","promotion_name":"Curățenie și îngrijire personală"}},"discountLabel":"Economisești 14%","geniusDiscountLabel":null,"badge":null},{"code":"100086143","variantCode":"100086143","name":"Mască Vitamin C 20ml","slug":"100086143-elmiplant-masca-vitamin-c-20ml","unitPriceLabel":"343 Lei/l","brand":"Elmiplant","brandCode":"550","brandFilterCode":"elmiplant-b551","sku":"100086143","price":6.86,"originalPrice":null,"currencyCode":"RON","currency":"Lei","image":{"thumbnail":{"default":"https://cdn.freshful.ro/media/cache/sylius_shop_product_thumbnail/6d/5a/3fbfdd62a13032931131b90d7cc3.jpg"},"large":{"default":"https://cdn.freshful.ro/media/cache/freshful_large/6d/5a/3fbfdd62a13032931131b90d7cc3.jpg"},"extralarge":{"default":"https://cdn.freshful.ro/media/cache/sylius_shop_product_original/6d/5a/3fbfdd62a13032931131b90d7cc3.jpg"}},"label":{"text":"Profită acum","backgroundColor":"#FF9903","textColor":"#FFFFFF"},"tags":[],"isAvailable":true,"maxAvailableQuantity":100,"maxAllowedQuantity":100,"breadcrumbs":[{"code":"11","name":"Cosmetice","slug":"11-cosmetice-si-ingrijire-personala"},{"code":"1103","name":"Demachiante și creme","slug":"1103-creme-intretinere-si-demachiante"},{"code":"110304","name":"Curățare și demachiere ten","slug":"110304-curatare-ten-si-demachiere"},{"code":"100086143","name":"Mască Vitamin C 20ml","slug":"100086143-elmiplant-masca-vitamin-c-20ml"}],"activePromotion":{"code":"freshful-top-deals-2023","name":"Preț avantajos","targetQuantity":null},"saveMe":null,"labels":[{"type":"v1","items":[{"text":"Profită acum","backgroundColor":"#FF9903","textColor":"#FFFFFF"}]}],"geniusPrice":null,"geniusUnitPricePerLabel":null,"banner":{"text":"Preț avantajos","textColor":"#F95510","bgColor":"#FEF1CD","icon":null,"link":"https://www.freshful.ro/oferte/freshful-top-deals-2023","type":"promo","analyticsEventType":"select_promotion","analyticsEventPayload":{"promotion_id":"freshful-top-deals-2023","promotion_name":"Profită de Top Deals"}},"discountLabel":null,"geniusDiscountLabel":null,"badge":null},{"code":"100148048","variantCode":"100148048","name":"Mască Hyaluronic Gold Hidrogel pentru ochi","slug":"100148048-elmiplant-masca-hyaluronic-gold-hidrogel-pentru-ochi","unitPriceLabel":"1.247,27 Lei/kg","brand":"Elmiplant","brandCode":"550","brandFilterCode":"elmiplant-b551","sku":"100148048","price":6.86,"originalPrice":null,"currencyCode":"RON","currency":"Lei","image":{"thumbnail":{"default":"https://cdn.freshful.ro/media/cache/sylius_shop_product_thumbnail/d1/09/5559d7f7715fbd648b83f2864962.jpg"},"large":{"default":"https://cdn.freshful.ro/media/cache/freshful_large/d1/09/5559d7f7715fbd648b83f2864962.jpg"},"extralarge":{"default":"https://cdn.freshful.ro/media/cache/sylius_shop_product_original/d1/09/5559d7f7715fbd648b83f2864962.jpg"}},"label":{"text":"Profită acum","backgroundColor":"#FF9903","textColor":"#FFFFFF"},"tags":[],"isAvailable":true,"maxAvailableQuantity":19,"maxAllowedQuantity":100,"breadcrumbs":[{"code":"11","name":"Cosmetice","slug":"11-cosmetice-si-ingrijire-personala"},{"code":"1103","name":"Demachiante și creme","slug":"1103-creme-intretinere-si-demachiante"},{"code":"110304","name":"Curățare și demachiere ten","slug":"110304-curatare-ten-si-demachiere"},{"code":"100148048","name":"Mască Hyaluronic Gold Hidrogel pentru ochi","slug":"100148048-elmiplant-masca-hyaluronic-gold-hidrogel-pentru-ochi"}],"activePromotion":{"code":"freshful-top-deals-2023","name":"Preț avantajos","targetQuantity":null},"saveMe":null,"labels":[{"type":"v1","items":[{"text":"Profită acum","backgroundColor":"#FF9903","textColor":"#FFFFFF"}]}],"geniusPrice":null,"geniusUnitPricePerLabel":null,"banner":{"text":"Preț avantajos","textColor":"#F95510","bgColor":"#FEF1CD","icon":null,"link":"https://www.freshful.ro/oferte/freshful-top-deals-2023","type":"promo","analyticsEventType":"select_promotion","analyticsEventPayload":{"promotion_id":"freshful-top-deals-2023","promotion_name":"Profită de Top Deals"}},"discountLabel":null,"geniusDiscountLabel":null,"badge":null},{"code":"100086132","variantCode":"100086132","name":"Șervețele demachiante pentru piele uscată/sensibilă 25 buc","slug":"100086132-elmiplant-servetele-demachiante-pentru-piele-uscata-sensibila-25-buc","unitPriceLabel":"","brand":"Elmiplant","brandCode":"550","brandFilterCode":"elmiplant-b551","sku":"100086132","price":12.1,"originalPrice":null,"currencyCode":"RON","currency":"Lei","image":{"thumbnail":{"default":"https://cdn.freshful.ro/media/cache/sylius_shop_product_thumbnail/05/92/6a49beac33ac6b889b3854bd6825.jpg"},"large":{"default":"https://cdn.freshful.ro/media/cache/freshful_large/05/92/6a49beac33ac6b889b3854bd6825.jpg"},"extralarge":{"default":"https://cdn.freshful.ro/media/cache/sylius_shop_product_original/05/92/6a49beac33ac6b889b3854bd6825.jpg"}},"label":{"text":"Profită acum","backgroundColor":"#FF9903","textColor":"#FFFFFF"},"tags":[{"type":"vegan","text":"Vegan","icon":"https://cdn.freshful.ro/assets/product_tags/vegan.svg","iconPng":"https://cdn.freshful.ro/assets/product_tags/vegan.png","backgroundColor":"#ECF9F8","textColor":"#33A39C"}],"isAvailable":true,"maxAvailableQuantity":87,"maxAllowedQuantity":100,"breadcrumbs":[{"code":"11","name":"Cosmetice","slug":"11-cosmetice-si-ingrijire-personala"},{"code":"1103","name":"Demachiante și creme","slug":"1103-creme-intretinere-si-demachiante"},{"code":"110304","name":"Curățare și demachiere ten","slug":"110304-curatare-ten-si-demachiere"},{"code":"100086132","name":"Șervețele demachiante pentru piele uscată/sensibilă 25 buc","slug":"100086132-elmiplant-servetele-demachiante-pentru-piele-uscata-sensibila-25-buc"}],"activePromotion":{"code":"freshful-top-deals-2023","name":"Preț avantajos","targetQuantity":null},"saveMe":null,"labels":[{"type":"v1","items":[{"text":"Profită acum","backgroundColor":"#FF9903","textColor":"#FFFFFF"}]}],"geniusPrice":null,"geniusUnitPricePerLabel":null,"banner":{"text":"Preț avantajos","textColor":"#F95510","bgColor":"#FEF1CD","icon":null,"link":"https://www.freshful.ro/oferte/freshful-top-deals-2023","type":"promo","analyticsEventType":"select_promotion","analyticsEventPayload":{"promotion_id":"freshful-top-deals-2023","promotion_name":"Profită de Top Deals"}},"discountLabel":null,"geniusDiscountLabel":null,"badge":null},{"code":"100085667","variantCode":"100085667","name":"Cremă de mâini Visibly Renew, SPF 20, 75ml","slug":"100085667-neutrogena-crema-de-maini-visibly-renew-spf-20-75ml","unitPriceLabel":"213,2 Lei/l","brand":"Neutrogena","brandCode":"548","brandFilterCode":"neutrogena-b549","sku":"100085667","price":15.99,"originalPrice":18.5,"currencyCode":"RON","currency":"Lei","image":{"thumbnail":{"default":"https://cdn.freshful.ro/media/cache/sylius_shop_product_thumbnail/c6/d6/bed8bc7df192c450be6dcc37e8e5.jpg"},"large":{"default":"https://cdn.freshful.ro/media/cache/freshful_large/c6/d6/bed8bc7df192c450be6dcc37e8e5.jpg"},"extralarge":{"default":"https://cdn.freshful.ro/media/cache/sylius_shop_product_original/c6/d6/bed8bc7df192c450be6dcc37e8e5.jpg"}},"label":{"text":"-13%","backgroundColor":"#FF9903","textColor":"#FFFFFF"},"tags":[],"isAvailable":true,"maxAvailableQuantity":15,"maxAllowedQuantity":100,"breadcrumbs":[{"code":"11","name":"Cosmetice","slug":"11-cosmetice-si-ingrijire-personala"},{"code":"1103","name":"Demachiante și creme","slug":"1103-creme-intretinere-si-demachiante"},{"code":"110303","name":"Creme pentru mâini","slug":"110303-creme-pentru-maini"},{"code":"100085667","name":"Cremă de mâini Visibly Renew, SPF 20, 75ml","slug":"100085667-neutrogena-crema-de-maini-visibly-renew-spf-20-75ml"}],"activePromotion":{"code":"special-cosmetice-21feb-8mar23","name":"Preț redus","targetQuantity":null},"saveMe":null,"labels":[{"type":"v1","items":[{"text":"-13%","backgroundColor":"#FF9903","textColor":"#FFFFFF"}]}],"geniusPrice":null,"geniusUnitPricePerLabel":null,"banner":{"text":"Super preț","textColor":"#FF0000","bgColor":"#FFF2EC","icon":null,"link":"https://www.freshful.ro/oferte/special-cosmetice-21feb-8mar23","type":"promo","analyticsEventType":"select_promotion","analyticsEventPayload":{"promotion_id":"special-cosmetice-21feb-8mar23","promotion_name":"Cadouri pentru sărbătoritele lunii martie"}},"discountLabel":"Economisești 13%","geniusDiscountLabel":null,"badge":null},{"code":"100086133","variantCode":"100086133","name":"Șervețele demachiante Skin Moisture pentru ten uscat/sensibil 25 buc","slug":"100086133-elmiplant-servetele-demachiante-skin-moisture-pentru-ten-uscat-sensibil-25-buc","unitPriceLabel":"","brand":"Elmiplant","brandCode":"550","brandFilterCode":"elmiplant-b551","sku":"100086133","price":11.85,"originalPrice":null,"currencyCode":"RON","currency":"Lei","image":{"thumbnail":{"default":"https://cdn.freshful.ro/media/cache/sylius_shop_product_thumbnail/1b/56/9d68f92897880f9615e3eb0738aa.jpg"},"large":{"default":"https://cdn.freshful.ro/media/cache/freshful_large/1b/56/9d68f92897880f9615e3eb0738aa.jpg"},"extralarge":{"default":"https://cdn.freshful.ro/media/cache/sylius_shop_product_original/1b/56/9d68f92897880f9615e3eb0738aa.jpg"}},"label":{"text":"Profită acum","backgroundColor":"#FF9903","textColor":"#FFFFFF"},"tags":[{"type":"vegan","text":"Vegan","icon":"https://cdn.freshful.ro/assets/product_tags/vegan.svg","iconPng":"https://cdn.freshful.ro/assets/product_tags/vegan.png","backgroundColor":"#ECF9F8","textColor":"#33A39C"}],"isAvailable":true,"maxAvailableQuantity":100,"maxAllowedQuantity":100,"breadcrumbs":[{"code":"11","name":"Cosmetice","slug":"11-cosmetice-si-ingrijire-personala"},{"code":"1103","name":"Demachiante și creme","slug":"1103-creme-intretinere-si-demachiante"},{"code":"110304","name":"Curățare și demachiere ten","slug":"110304-curatare-ten-si-demachiere"},{"code":"100086133","name":"Șervețele demachiante Skin Moisture pentru ten uscat/sensibil 25 buc","slug":"100086133-elmiplant-servetele-demachiante-skin-moisture-pentru-ten-uscat-sensibil-25-buc"}],"activePromotion":{"code":"freshful-top-deals-2023","name":"Preț avantajos","targetQuantity":null},"saveMe":null,"labels":[{"type":"v1","items":[{"text":"Profită acum","backgroundColor":"#FF9903","textColor":"#FFFFFF"}]}],"geniusPrice":null,"geniusUnitPricePerLabel":null,"banner":{"text":"Preț avantajos","textColor":"#F95510","bgColor":"#FEF1CD","icon":null,"link":"https://www.freshful.ro/oferte/freshful-top-deals-2023","type":"promo","analyticsEventType":"select_promotion","analyticsEventPayload":{"promotion_id":"freshful-top-deals-2023","promotion_name":"Profită de Top Deals"}},"discountLabel":null,"geniusDiscountLabel":null,"badge":null},{"code":"100085665","variantCode":"100085665","name":"Loțiune de corp Deep Moisture cu uleiuri hrănitoare pentru piele uscată 400ml","slug":"100085665-neutrogena-lotiune-de-corp-deep-moisture-cu-uleiuri-hranitoare-pentru-piele-uscata-400ml","unitPriceLabel":"52,48 Lei/l","brand":"Neutrogena","brandCode":"548","brandFilterCode":"neutrogena-b549","sku":"100085665","price":20.99,"originalPrice":25.5,"currencyCode":"RON","currency":"Lei","image":{"thumbnail":{"default":"https://cdn.freshful.ro/media/cache/sylius_shop_product_thumbnail/e1/f1/55b757c255ec37390b6a8c32f2e7.jpg"},"large":{"default":"https://cdn.freshful.ro/media/cache/freshful_large/e1/f1/55b757c255ec37390b6a8c32f2e7.jpg"},"extralarge":{"default":"https://cdn.freshful.ro/media/cache/sylius_shop_product_original/e1/f1/55b757c255ec37390b6a8c32f2e7.jpg"}},"label":{"text":"-17%","backgroundColor":"#FF9903","textColor":"#FFFFFF"},"tags":[],"isAvailable":true,"maxAvailableQuantity":9,"maxAllowedQuantity":100,"breadcrumbs":[{"code":"11","name":"Cosmetice","slug":"11-cosmetice-si-ingrijire-personala"},{"code":"1103","name":"Demachiante și creme","slug":"1103-creme-intretinere-si-demachiante"},{"code":"110302","name":"Creme pentru corp","slug":"110302-creme-pentru-corp"},{"code":"100085665","name":"Loțiune de corp Deep Moisture cu uleiuri hrănitoare pentru piele uscată 400ml","slug":"100085665-neutrogena-lotiune-de-corp-deep-moisture-cu-uleiuri-hranitoare-pentru-piele-uscata-400ml"}],"activePromotion":{"code":"special-cosmetice-21feb-8mar23","name":"Preț redus","targetQuantity":null},"saveMe":null,"labels":[{"type":"v1","items":[{"text":"-17%","backgroundColor":"#FF9903","textColor":"#FFFFFF"}]}],"geniusPrice":null,"geniusUnitPricePerLabel":null,"banner":{"text":"Super preț","textColor":"#FF0000","bgColor":"#FFF2EC","icon":null,"link":"https://www.freshful.ro/oferte/special-cosmetice-21feb-8mar23","type":"promo","analyticsEventType":"select_promotion","analyticsEventPayload":{"promotion_id":"special-cosmetice-21feb-8mar23","promotion_name":"Cadouri pentru sărbătoritele lunii martie"}},"discountLabel":"Economisești 17%","geniusDiscountLabel":null,"badge":null},{"code":"100086112","variantCode":"100086112","name":"Cremă de zi Hyaluronic Gold 50ml","slug":"100086112-elmiplant-crema-de-zi-hyaluronic-gold-50ml","unitPriceLabel":"439,8 Lei/l","brand":"Elmiplant","brandCode":"550","brandFilterCode":"elmiplant-b551","sku":"100086112","price":21.99,"originalPrice":24.99,"currencyCode":"RON","currency":"Lei","image":{"thumbnail":{"default":"https://cdn.freshful.ro/media/cache/sylius_shop_product_thumbnail/6e/74/063c02572efa5d2f6226e03a27f5.jpg"},"large":{"default":"https://cdn.freshful.ro/media/cache/freshful_large/6e/74/063c02572efa5d2f6226e03a27f5.jpg"},"extralarge":{"default":"https://cdn.freshful.ro/media/cache/sylius_shop_product_original/6e/74/063c02572efa5d2f6226e03a27f5.jpg"}},"label":{"text":"-12%","backgroundColor":"#FF9903","textColor":"#FFFFFF"},"tags":[],"isAvailable":true,"maxAvailableQuantity":73,"maxAllowedQuantity":100,"breadcrumbs":[{"code":"11","name":"Cosmetice","slug":"11-cosmetice-si-ingrijire-personala"},{"code":"1103","name":"Demachiante și creme","slug":"1103-creme-intretinere-si-demachiante"},{"code":"110301","name":"Creme pentru față","slug":"110301-creme-de-fata"},{"code":"100086112","name":"Cremă de zi Hyaluronic Gold 50ml","slug":"100086112-elmiplant-crema-de-zi-hyaluronic-gold-50ml"}],"activePromotion":{"code":"special-cosmetice-21feb-8mar23","name":"Preț redus","targetQuantity":null},"saveMe":null,"labels":[{"type":"v1","items":[{"text":"-12%","backgroundColor":"#FF9903","textColor":"#FFFFFF"}]}],"geniusPrice":null,"geniusUnitPricePerLabel":null,"banner":{"text":"Super preț","textColor":"#FF0000","bgColor":"#FFF2EC","icon":null,"link":"https://www.freshful.ro/oferte/special-cosmetice-21feb-8mar23","type":"promo","analyticsEventType":"select_promotion","analyticsEventPayload":{"promotion_id":"special-cosmetice-21feb-8mar23","promotion_name":"Cadouri pentru sărbătoritele lunii martie"}},"discountLabel":"Economisești 12%","geniusDiscountLabel":null,"badge":null},{"code":"100085669","variantCode":"100085669","name":"Cremă pentru călcâie crăpate 50ml","slug":"100085669-neutrogena-crema-pentru-calcaie-crapate-50ml","unitPriceLabel":"419,8 Lei/l","brand":"Neutrogena","brandCode":"548","brandFilterCode":"neutrogena-b549","sku":"100085669","price":20.99,"originalPrice":25.5,"currencyCode":"RON","currency":"Lei","image":{"thumbnail":{"default":"https://cdn.freshful.ro/media/cache/sylius_shop_product_thumbnail/21/79/6cb03b7954d2d6208bc0f6c8657c.jpg"},"large":{"default":"https://cdn.freshful.ro/media/cache/freshful_large/21/79/6cb03b7954d2d6208bc0f6c8657c.jpg"},"extralarge":{"default":"https://cdn.freshful.ro/media/cache/sylius_shop_product_original/21/79/6cb03b7954d2d6208bc0f6c8657c.jpg"}},"label":{"text":"-17%","backgroundColor":"#FF9903","textColor":"#FFFFFF"},"tags":[],"isAvailable":true,"maxAvailableQuantity":15,"maxAllowedQuantity":100,"breadcrumbs":[{"code":"11","name":"Cosmetice","slug":"11-cosmetice-si-ingrijire-personala"},{"code":"1103","name":"Demachiante și creme","slug":"1103-creme-intretinere-si-demachiante"},{"code":"110302","name":"Creme pentru corp","slug":"110302-creme-pentru-corp"},{"code":"100085669","name":"Cremă pentru călcâie crăpate 50ml","slug":"100085669-neutrogena-crema-pentru-calcaie-crapate-50ml"}],"activePromotion":{"code":"special-cosmetice-21feb-8mar23","name":"Preț redus","targetQuantity":null},"saveMe":null,"labels":[{"type":"v1","items":[{"text":"-17%","backgroundColor":"#FF9903","textColor":"#FFFFFF"}]}],"geniusPrice":null,"geniusUnitPricePerLabel":null,"banner":{"text":"Super preț","textColor":"#FF0000","bgColor":"#FFF2EC","icon":null,"link":"https://www.freshful.ro/oferte/special-cosmetice-21feb-8mar23","type":"promo","analyticsEventType":"select_promotion","analyticsEventPayload":{"promotion_id":"special-cosmetice-21feb-8mar23","promotion_name":"Cadouri pentru sărbătoritele lunii martie"}},"discountLabel":"Economisești 17%","geniusDiscountLabel":null,"badge":null},{"code":"100085646","variantCode":"100085646","name":"Scrub facial Refreshingly Clear 150ml","slug":"100085646-neutrogena-scrub-facial-refreshingly-clear-150ml","unitPriceLabel":"166,6 Lei/l","brand":"Neutrogena","brandCode":"548","brandFilterCode":"neutrogena-b549","sku":"100085646","price":24.99,"originalPrice":33.79,"currencyCode":"RON","currency":"Lei","image":{"thumbnail":{"default":"https://cdn.freshful.ro/media/cache/sylius_shop_product_thumbnail/55/48/e52812331419783aa01244e5cd57.jpg"},"large":{"default":"https://cdn.freshful.ro/media/cache/freshful_large/55/48/e52812331419783aa01244e5cd57.jpg"},"extralarge":{"default":"https://cdn.freshful.ro/media/cache/sylius_shop_product_original/55/48/e52812331419783aa01244e5cd57.jpg"}},"label":{"text":"-26%","backgroundColor":"#FF9903","textColor":"#FFFFFF"},"tags":[],"isAvailable":true,"maxAvailableQuantity":7,"maxAllowedQuantity":100,"breadcrumbs":[{"code":"11","name":"Cosmetice","slug":"11-cosmetice-si-ingrijire-personala"},{"code":"1103","name":"Demachiante și creme","slug":"1103-creme-intretinere-si-demachiante"},{"code":"110304","name":"Curățare și demachiere ten","slug":"110304-curatare-ten-si-demachiere"},{"code":"100085646","name":"Scrub facial Refreshingly Clear 150ml","slug":"100085646-neutrogena-scrub-facial-refreshingly-clear-150ml"}],"activePromotion":{"code":"oferte-dph-21feb-8mar23","name":"Preț redus","targetQuantity":null},"saveMe":null,"labels":[{"type":"v1","items":[{"text":"-26%","backgroundColor":"#FF9903","textColor":"#FFFFFF"}]}],"geniusPrice":null,"geniusUnitPricePerLabel":null,"banner":{"text":"Super preț","textColor":"#FF0000","bgColor":"#FFF2EC","icon":null,"link":"https://www.freshful.ro/oferte/oferte-dph-21feb-8mar23","type":"promo","analyticsEventType":"select_promotion","analyticsEventPayload":{"promotion_id":"oferte-dph-21feb-8mar23","promotion_name":"Curățenie și îngrijire personală"}},"discountLabel":"Economisești 26%","geniusDiscountLabel":null,"badge":null}]},{"analyticsListId":"category-slot_1104-produse-cu-protectie-solara","analyticsListName":"Category Slot - Protecție solară","type":"products_carousel","title":"Protecție solară","link":{"title":"Mai multe","count":44,"url":"/c/11-cosmetice-si-ingrijire-personala/1104-produse-cu-protectie-solara"},"products":[{"code":"100138568","variantCode":"100138568","name":"Cremă de față protecție solară UV Face Shine Control, SPF 50, 50ml","slug":"100138568-nivea-crema-de-fata-protectie-solara-uv-face-shine-control-spf-50-50ml","unitPriceLabel":"798 Lei/l","brand":"Nivea","brandCode":"316","brandFilterCode":"nivea-b317","sku":"100138568","price":39.9,"originalPrice":null,"currencyCode":"RON","currency":"Lei","image":{"thumbnail":{"default":"https://cdn.freshful.ro/media/cache/sylius_shop_product_thumbnail/4e/97/4abeb17ae3ef497fd6143355b5e0.jpg"},"large":{"default":"https://cdn.freshful.ro/media/cache/freshful_large/4e/97/4abeb17ae3ef497fd6143355b5e0.jpg"},"extralarge":{"default":"https://cdn.freshful.ro/media/cache/sylius_shop_product_original/4e/97/4abeb17ae3ef497fd6143355b5e0.jpg"}},"label":null,"tags":[],"isAvailable":true,"maxAvailableQuantity":38,"maxAllowedQuantity":100,"breadcrumbs":[{"code":"11","name":"Cosmetice","slug":"11-cosmetice-si-ingrijire-personala"},{"code":"1104","name":"Protecție solară","slug":"1104-produse-cu-protectie-solara"},{"code":"110404","name":"Protecție solară după plajă","slug":"110404-protectie-solara-dupa-plaja"},{"code":"100138568","name":"Cremă de față protecție solară UV Face Shine Control, SPF 50, 50ml","slug":"100138568-nivea-crema-de-fata-protectie-solara-uv-face-shine-control-spf-50-50ml"}],"activePromotion":null,"saveMe":null,"labels":[],"geniusPrice":null,"geniusUnitPricePerLabel":null,"banner":null,"discountLabel":null,"geniusDiscountLabel":null,"badge":null},{"code":"100033819","variantCode":"100033819","name":"Cremă de față antirid cu protecție solară UV Face SPF50, 50ml","slug":"100033819-nivea-crema-de-fata-antirid-cu-protectie-solara-uv-face-spf50-50ml","unitPriceLabel":"779,8 Lei/l","brand":"Nivea","brandCode":"316","brandFilterCode":"nivea-b317","sku":"100033819","price":38.99,"originalPrice":null,"currencyCode":"RON","currency":"Lei","image":{"thumbnail":{"default":"https://cdn.freshful.ro/media/cache/sylius_shop_product_thumbnail/11/fe/0c4deeded8580f0ded0e4ea1c34b.jpg"},"large":{"default":"https://cdn.freshful.ro/media/cache/freshful_large/11/fe/0c4deeded8580f0ded0e4ea1c34b.jpg"},"extralarge":{"default":"https://cdn.freshful.ro/media/cache/sylius_shop_product_original/11/fe/0c4deeded8580f0ded0e4ea1c34b.jpg"}},"label":null,"tags":[],"isAvailable":true,"maxAvailableQuantity":53,"maxAllowedQuantity":100,"breadcrumbs":[{"code":"11","name":"Cosmetice","slug":"11-cosmetice-si-ingrijire-personala"},{"code":"1104","name":"Protecție solară","slug":"1104-produse-cu-protectie-solara"},{"code":"110403","name":"Protecție solară plajă","slug":"110403-protectie-solara-plaja"},{"code":"100033819","name":"Cremă de față antirid cu protecție solară UV Face SPF50, 50ml","slug":"100033819-nivea-crema-de-fata-antirid-cu-protectie-solara-uv-face-spf50-50ml"}],"activePromotion":null,"saveMe":null,"labels":[],"geniusPrice":null,"geniusUnitPricePerLabel":null,"banner":null,"discountLabel":null,"geniusDiscountLabel":null,"badge":null},{"code":"100138566","variantCode":"100138566","name":"Spray hidratant după plajă 200ml","slug":"100138566-nivea-spray-hidratant-dupa-plaja-200ml","unitPriceLabel":"144,95 Lei/l","brand":"Nivea","brandCode":"316","brandFilterCode":"nivea-b317","sku":"100138566","price":28.99,"originalPrice":null,"currencyCode":"RON","currency":"Lei","image":{"thumbnail":{"default":"https://cdn.freshful.ro/media/cache/sylius_shop_product_thumbnail/49/6a/8c6191ac677e47bcb68456d24be6.jpg"},"large":{"default":"https://cdn.freshful.ro/media/cache/freshful_large/49/6a/8c6191ac677e47bcb68456d24be6.jpg"},"extralarge":{"default":"https://cdn.freshful.ro/media/cache/sylius_shop_product_original/49/6a/8c6191ac677e47bcb68456d24be6.jpg"}},"label":null,"tags":[],"isAvailable":true,"maxAvailableQuantity":8,"maxAllowedQuantity":100,"breadcrumbs":[{"code":"11","name":"Cosmetice","slug":"11-cosmetice-si-ingrijire-personala"},{"code":"1104","name":"Protecție solară","slug":"1104-produse-cu-protectie-solara"},{"code":"110404","name":"Protecție solară după plajă","slug":"110404-protectie-solara-dupa-plaja"},{"code":"100138566","name":"Spray hidratant după plajă 200ml","slug":"100138566-nivea-spray-hidratant-dupa-plaja-200ml"}],"activePromotion":null,"saveMe":null,"labels":[],"geniusPrice":null,"geniusUnitPricePerLabel":null,"banner":null,"discountLabel":null,"geniusDiscountLabel":null,"badge":null},{"code":"100136096","variantCode":"100136096","name":"Loțiune spray după plajă 200ml","slug":"100136096-elmiplant-lotiune-spray-dupa-plaja-200ml","unitPriceLabel":"89,9 Lei/l","brand":"Elmiplant","brandCode":"550","brandFilterCode":"elmiplant-b551","sku":"100136096","price":17.98,"originalPrice":null,"currencyCode":"RON","currency":"Lei","image":{"thumbnail":{"default":"https://cdn.freshful.ro/media/cache/sylius_shop_product_thumbnail/4c/ff/d6e415132ca4c74f246bbe554c6d.jpg"},"large":{"default":"https://cdn.freshful.ro/media/cache/freshful_large/4c/ff/d6e415132ca4c74f246bbe554c6d.jpg"},"extralarge":{"default":"https://cdn.freshful.ro/media/cache/sylius_shop_product_original/4c/ff/d6e415132ca4c74f246bbe554c6d.jpg"}},"label":null,"tags":[],"isAvailable":true,"maxAvailableQuantity":30,"maxAllowedQuantity":100,"breadcrumbs":[{"code":"11","name":"Cosmetice","slug":"11-cosmetice-si-ingrijire-personala"},{"code":"1104","name":"Protecție solară","slug":"1104-produse-cu-protectie-solara"},{"code":"110404","name":"Protecție solară după plajă","slug":"110404-protectie-solara-dupa-plaja"},{"code":"100136096","name":"Loțiune spray după plajă 200ml","slug":"100136096-elmiplant-lotiune-spray-dupa-plaja-200ml"}],"activePromotion":null,"saveMe":null,"labels":[],"geniusPrice":null,"geniusUnitPricePerLabel":null,"banner":null,"discountLabel":null,"geniusDiscountLabel":null,"badge":null},{"code":"100138359","variantCode":"100138359","name":"Cremă protecție solară Sun, SPF 50, 100ml","slug":"100138359-gerovital-crema-protectie-solara-sun-spf-50-100ml","unitPriceLabel":"415,9 Lei/l","brand":"Gerovital","brandCode":"1833","brandFilterCode":"gerovital-b1837","sku":"100138359","price":41.59,"originalPrice":null,"currencyCode":"RON","currency":"Lei","image":{"thumbnail":{"default":"https://cdn.freshful.ro/media/cache/sylius_shop_product_thumbnail/37/b4/a9d0e2fd65dd67b95fa239174886.jpg"},"large":{"default":"https://cdn.freshful.ro/media/cache/freshful_large/37/b4/a9d0e2fd65dd67b95fa239174886.jpg"},"extralarge":{"default":"https://cdn.freshful.ro/media/cache/sylius_shop_product_original/37/b4/a9d0e2fd65dd67b95fa239174886.jpg"}},"label":null,"tags":[],"isAvailable":true,"maxAvailableQuantity":5,"maxAllowedQuantity":100,"breadcrumbs":[{"code":"11","name":"Cosmetice","slug":"11-cosmetice-si-ingrijire-personala"},{"code":"1104","name":"Protecție solară","slug":"1104-produse-cu-protectie-solara"},{"code":"110403","name":"Protecție solară plajă","slug":"110403-protectie-solara-plaja"},{"code":"100138359","name":"Cremă protecție solară Sun, SPF 50, 100ml","slug":"100138359-gerovital-crema-protectie-solara-sun-spf-50-100ml"}],"activePromotion":null,"saveMe":null,"labels":[],"geniusPrice":null,"geniusUnitPricePerLabel":null,"banner":null,"discountLabel":null,"geniusDiscountLabel":null,"badge":null},{"code":"100033818","variantCode":"100033818","name":"Spray cu protecție solară și bronzare SPF30, 200ml","slug":"100033818-nivea-spray-cu-protectie-solara-si-bronzare-spf30-200ml","unitPriceLabel":"249,95 Lei/l","brand":"Nivea","brandCode":"316","brandFilterCode":"nivea-b317","sku":"100033818","price":49.99,"originalPrice":null,"currencyCode":"RON","currency":"Lei","image":{"thumbnail":{"default":"https://cdn.freshful.ro/media/cache/sylius_shop_product_thumbnail/3c/67/51feb506b1e795b5a3bdb47882b2.jpg"},"large":{"default":"https://cdn.freshful.ro/media/cache/freshful_large/3c/67/51feb506b1e795b5a3bdb47882b2.jpg"},"extralarge":{"default":"https://cdn.freshful.ro/media/cache/sylius_shop_product_original/3c/67/51feb506b1e795b5a3bdb47882b2.jpg"}},"label":null,"tags":[],"isAvailable":true,"maxAvailableQuantity":11,"maxAllowedQuantity":100,"breadcrumbs":[{"code":"11","name":"Cosmetice","slug":"11-cosmetice-si-ingrijire-personala"},{"code":"1104","name":"Protecție solară","slug":"1104-produse-cu-protectie-solara"},{"code":"110403","name":"Protecție solară plajă","slug":"110403-protectie-solara-plaja"},{"code":"100033818","name":"Spray cu protecție solară și bronzare SPF30, 200ml","slug":"100033818-nivea-spray-cu-protectie-solara-si-bronzare-spf30-200ml"}],"activePromotion":null,"saveMe":null,"labels":[],"geniusPrice":null,"geniusUnitPricePerLabel":null,"banner":null,"discountLabel":null,"geniusDiscountLabel":null,"badge":null},{"code":"100136076","variantCode":"100136076","name":"Ulei spray bronzare rapidă 150ml","slug":"100136076-elmiplant-ulei-spray-bronzare-rapida-150ml","unitPriceLabel":"106,6 Lei/l","brand":"Elmiplant","brandCode":"550","brandFilterCode":"elmiplant-b551","sku":"100136076","price":15.99,"originalPrice":null,"currencyCode":"RON","currency":"Lei","image":{"thumbnail":{"default":"https://cdn.freshful.ro/media/cache/sylius_shop_product_thumbnail/40/e5/54457b246f6bd39a3cfce534d6b0.jpg"},"large":{"default":"https://cdn.freshful.ro/media/cache/freshful_large/40/e5/54457b246f6bd39a3cfce534d6b0.jpg"},"extralarge":{"default":"https://cdn.freshful.ro/media/cache/sylius_shop_product_original/40/e5/54457b246f6bd39a3cfce534d6b0.jpg"}},"label":null,"tags":[],"isAvailable":true,"maxAvailableQuantity":4,"maxAllowedQuantity":100,"breadcrumbs":[{"code":"11","name":"Cosmetice","slug":"11-cosmetice-si-ingrijire-personala"},{"code":"1104","name":"Protecție solară","slug":"1104-produse-cu-protectie-solara"},{"code":"110402","name":"Autobronzant","slug":"110402-autobronzant"},{"code":"100136076","name":"Ulei spray bronzare rapidă 150ml","slug":"100136076-elmiplant-ulei-spray-bronzare-rapida-150ml"}],"activePromotion":null,"saveMe":null,"labels":[],"geniusPrice":null,"geniusUnitPricePerLabel":null,"banner":null,"discountLabel":null,"geniusDiscountLabel":null,"badge":null},{"code":"100138365","variantCode":"100138365","name":"Loțiune spray 3in1 după plajă Sun 150ml","slug":"100138365-gerovital-lotiune-spray-3in1-dupa-plaja-sun-150ml","unitPriceLabel":"117,93 Lei/l","brand":"Gerovital","brandCode":"1833","brandFilterCode":"gerovital-b1837","sku":"100138365","price":17.69,"originalPrice":null,"currencyCode":"RON","currency":"Lei","image":{"thumbnail":{"default":"https://cdn.freshful.ro/media/cache/sylius_shop_product_thumbnail/83/af/c9e54e9545999502aaebdf7e06b8.jpg"},"large":{"default":"https://cdn.freshful.ro/media/cache/freshful_large/83/af/c9e54e9545999502aaebdf7e06b8.jpg"},"extralarge":{"default":"https://cdn.freshful.ro/media/cache/sylius_shop_product_original/83/af/c9e54e9545999502aaebdf7e06b8.jpg"}},"label":null,"tags":[],"isAvailable":true,"maxAvailableQuantity":3,"maxAllowedQuantity":100,"breadcrumbs":[{"code":"11","name":"Cosmetice","slug":"11-cosmetice-si-ingrijire-personala"},{"code":"1104","name":"Protecție solară","slug":"1104-produse-cu-protectie-solara"},{"code":"110404","name":"Protecție solară după plajă","slug":"110404-protectie-solara-dupa-plaja"},{"code":"100138365","name":"Loțiune spray 3in1 după plajă Sun 150ml","slug":"100138365-gerovital-lotiune-spray-3in1-dupa-plaja-sun-150ml"}],"activePromotion":null,"saveMe":null,"labels":[],"geniusPrice":null,"geniusUnitPricePerLabel":null,"banner":null,"discountLabel":null,"geniusDiscountLabel":null,"badge":null},{"code":"100138372","variantCode":"100138372","name":"Cremă protecție solară pentru copii H3 Derma+ Sun, SPF 50, 100ml","slug":"100138372-gerovital-crema-protectie-solara-pentru-copii-h3-derma-sun-spf-50-100ml","unitPriceLabel":"589,9 Lei/l","brand":"Gerovital","brandCode":"1833","brandFilterCode":"gerovital-b1837","sku":"100138372","price":58.99,"originalPrice":null,"currencyCode":"RON","currency":"Lei","image":{"thumbnail":{"default":"https://cdn.freshful.ro/media/cache/sylius_shop_product_thumbnail/28/70/f721b3283fc4ec44733fb7c64b42.jpg"},"large":{"default":"https://cdn.freshful.ro/media/cache/freshful_large/28/70/f721b3283fc4ec44733fb7c64b42.jpg"},"extralarge":{"default":"https://cdn.freshful.ro/media/cache/sylius_shop_product_original/28/70/f721b3283fc4ec44733fb7c64b42.jpg"}},"label":null,"tags":[],"isAvailable":true,"maxAvailableQuantity":11,"maxAllowedQuantity":100,"breadcrumbs":[{"code":"11","name":"Cosmetice","slug":"11-cosmetice-si-ingrijire-personala"},{"code":"1104","name":"Protecție solară","slug":"1104-produse-cu-protectie-solara"},{"code":"110403","name":"Protecție solară plajă","slug":"110403-protectie-solara-plaja"},{"code":"100138372","name":"Cremă protecție solară pentru copii H3 Derma+ Sun, SPF 50, 100ml","slug":"100138372-gerovital-crema-protectie-solara-pentru-copii-h3-derma-sun-spf-50-100ml"}],"activePromotion":null,"saveMe":null,"labels":[],"geniusPrice":null,"geniusUnitPricePerLabel":null,"banner":null,"discountLabel":null,"geniusDiscountLabel":null,"badge":null},{"code":"100138555","variantCode":"100138555","name":"Loțiune cu protecție solară SPF 30, 400ml","slug":"100138555-nivea-lotiune-cu-protectie-solara-spf-30-400ml","unitPriceLabel":"169,95 Lei/l","brand":"Nivea","brandCode":"316","brandFilterCode":"nivea-b317","sku":"100138555","price":67.98,"originalPrice":null,"currencyCode":"RON","currency":"Lei","image":{"thumbnail":{"default":"https://cdn.freshful.ro/media/cache/sylius_shop_product_thumbnail/09/b9/7e5b26a879cf908bdf68b098de3b.jpg"},"large":{"default":"https://cdn.freshful.ro/media/cache/freshful_large/09/b9/7e5b26a879cf908bdf68b098de3b.jpg"},"extralarge":{"default":"https://cdn.freshful.ro/media/cache/sylius_shop_product_original/09/b9/7e5b26a879cf908bdf68b098de3b.jpg"}},"label":null,"tags":[],"isAvailable":true,"maxAvailableQuantity":48,"maxAllowedQuantity":100,"breadcrumbs":[{"code":"11","name":"Cosmetice","slug":"11-cosmetice-si-ingrijire-personala"},{"code":"1104","name":"Protecție solară","slug":"1104-produse-cu-protectie-solara"},{"code":"110403","name":"Protecție solară plajă","slug":"110403-protectie-solara-plaja"},{"code":"100138555","name":"Loțiune cu protecție solară SPF 30, 400ml","slug":"100138555-nivea-lotiune-cu-protectie-solara-spf-30-400ml"}],"activePromotion":null,"saveMe":null,"labels":[],"geniusPrice":null,"geniusUnitPricePerLabel":null,"banner":null,"discountLabel":null,"geniusDiscountLabel":null,"badge":null}]},{"analyticsListId":"category-slot_1105-ceara-benzi-si-creme-depliatoare","analyticsListName":"Category Slot - Ceară, benzi și creme depilatoare","type":"products_carousel","title":"Ceară, benzi și creme depilatoare","link":{"title":"Mai multe","count":39,"url":"/c/11-cosmetice-si-ingrijire-personala/1105-ceara-benzi-si-creme-depliatoare"},"products":[{"code":"100086192","variantCode":"100086192","name":"Benzi depilatoare pentru față Velvet Touch 20 buc","slug":"100086192-elmiplant-benzi-depilatoare-pentru-fata-velvet-touch-20-buc","unitPriceLabel":"","brand":"Elmiplant","brandCode":"550","brandFilterCode":"elmiplant-b551","sku":"100086192","price":8.99,"originalPrice":10.9,"currencyCode":"RON","currency":"Lei","image":{"thumbnail":{"default":"https://cdn.freshful.ro/media/cache/sylius_shop_product_thumbnail/1e/e2/e250dc04310a82ef20fb331b36b7.jpg"},"large":{"default":"https://cdn.freshful.ro/media/cache/freshful_large/1e/e2/e250dc04310a82ef20fb331b36b7.jpg"},"extralarge":{"default":"https://cdn.freshful.ro/media/cache/sylius_shop_product_original/1e/e2/e250dc04310a82ef20fb331b36b7.jpg"}},"label":{"text":"-17%","backgroundColor":"#FF9903","textColor":"#FFFFFF"},"tags":[],"isAvailable":true,"maxAvailableQuantity":100,"maxAllowedQuantity":100,"breadcrumbs":[{"code":"11","name":"Cosmetice","slug":"11-cosmetice-si-ingrijire-personala"},{"code":"1105","name":"Ceară, benzi și creme depilatoare","slug":"1105-ceara-benzi-si-creme-depliatoare"},{"code":"110501","name":"Ceară depilatoare","slug":"110501-ceara-epliare"},{"code":"100086192","name":"Benzi depilatoare pentru față Velvet Touch 20 buc","slug":"100086192-elmiplant-benzi-depilatoare-pentru-fata-velvet-touch-20-buc"}],"activePromotion":{"code":"oferte-dph-21feb-8mar23","name":"Preț redus","targetQuantity":null},"saveMe":null,"labels":[{"type":"v1","items":[{"text":"-17%","backgroundColor":"#FF9903","textColor":"#FFFFFF"}]}],"geniusPrice":null,"geniusUnitPricePerLabel":null,"banner":{"text":"Super preț","textColor":"#FF0000","bgColor":"#FFF2EC","icon":null,"link":"https://www.freshful.ro/oferte/oferte-dph-21feb-8mar23","type":"promo","analyticsEventType":"select_promotion","analyticsEventPayload":{"promotion_id":"oferte-dph-21feb-8mar23","promotion_name":"Curățenie și îngrijire personală"}},"discountLabel":"Economisești 17%","geniusDiscountLabel":null,"badge":null},{"code":"100086191","variantCode":"100086191","name":"Benzi depilatoare pentru corp Velvet Touch 12 buc","slug":"100086191-elmiplant-benzi-depilatoare-pentru-corp-velvet-touch-12-buc","unitPriceLabel":"","brand":"Elmiplant","brandCode":"550","brandFilterCode":"elmiplant-b551","sku":"100086191","price":8.99,"originalPrice":11.5,"currencyCode":"RON","currency":"Lei","image":{"thumbnail":{"default":"https://cdn.freshful.ro/media/cache/sylius_shop_product_thumbnail/4e/3f/ddbd49cb740da1074d4cd341a0e7.jpg"},"large":{"default":"https://cdn.freshful.ro/media/cache/freshful_large/4e/3f/ddbd49cb740da1074d4cd341a0e7.jpg"},"extralarge":{"default":"https://cdn.freshful.ro/media/cache/sylius_shop_product_original/4e/3f/ddbd49cb740da1074d4cd341a0e7.jpg"}},"label":{"text":"-21%","backgroundColor":"#FF9903","textColor":"#FFFFFF"},"tags":[],"isAvailable":true,"maxAvailableQuantity":58,"maxAllowedQuantity":100,"breadcrumbs":[{"code":"11","name":"Cosmetice","slug":"11-cosmetice-si-ingrijire-personala"},{"code":"1105","name":"Ceară, benzi și creme depilatoare","slug":"1105-ceara-benzi-si-creme-depliatoare"},{"code":"110501","name":"Ceară depilatoare","slug":"110501-ceara-epliare"},{"code":"100086191","name":"Benzi depilatoare pentru corp Velvet Touch 12 buc","slug":"100086191-elmiplant-benzi-depilatoare-pentru-corp-velvet-touch-12-buc"}],"activePromotion":{"code":"oferte-dph-21feb-8mar23","name":"Preț redus","targetQuantity":null},"saveMe":null,"labels":[{"type":"v1","items":[{"text":"-21%","backgroundColor":"#FF9903","textColor":"#FFFFFF"}]}],"geniusPrice":null,"geniusUnitPricePerLabel":null,"banner":{"text":"Super preț","textColor":"#FF0000","bgColor":"#FFF2EC","icon":null,"link":"https://www.freshful.ro/oferte/oferte-dph-21feb-8mar23","type":"promo","analyticsEventType":"select_promotion","analyticsEventPayload":{"promotion_id":"oferte-dph-21feb-8mar23","promotion_name":"Curățenie și îngrijire personală"}},"discountLabel":"Economisești 21%","geniusDiscountLabel":null,"badge":null},{"code":"100086193","variantCode":"100086193","name":"Cremă depilatoare Almond Care 150ml","slug":"100086193-elmiplant-crema-depilatoare-almond-care-150ml","unitPriceLabel":"59,93 Lei/l","brand":"Elmiplant","brandCode":"550","brandFilterCode":"elmiplant-b551","sku":"100086193","price":8.99,"originalPrice":10.9,"currencyCode":"RON","currency":"Lei","image":{"thumbnail":{"default":"https://cdn.freshful.ro/media/cache/sylius_shop_product_thumbnail/de/52/2c5e44da490e543f1c1ea74e68b7.jpg"},"large":{"default":"https://cdn.freshful.ro/media/cache/freshful_large/de/52/2c5e44da490e543f1c1ea74e68b7.jpg"},"extralarge":{"default":"https://cdn.freshful.ro/media/cache/sylius_shop_product_original/de/52/2c5e44da490e543f1c1ea74e68b7.jpg"}},"label":{"text":"-17%","backgroundColor":"#FF9903","textColor":"#FFFFFF"},"tags":[{"type":"vegan","text":"Vegan","icon":"https://cdn.freshful.ro/assets/product_tags/vegan.svg","iconPng":"https://cdn.freshful.ro/assets/product_tags/vegan.png","backgroundColor":"#ECF9F8","textColor":"#33A39C"}],"isAvailable":true,"maxAvailableQuantity":82,"maxAllowedQuantity":100,"breadcrumbs":[{"code":"11","name":"Cosmetice","slug":"11-cosmetice-si-ingrijire-personala"},{"code":"1105","name":"Ceară, benzi și creme depilatoare","slug":"1105-ceara-benzi-si-creme-depliatoare"},{"code":"110502","name":"Cremă depilatoare","slug":"110502-crema-epilare"},{"code":"100086193","name":"Cremă depilatoare Almond Care 150ml","slug":"100086193-elmiplant-crema-depilatoare-almond-care-150ml"}],"activePromotion":{"code":"oferte-dph-21feb-8mar23","name":"Preț redus","targetQuantity":null},"saveMe":null,"labels":[{"type":"v1","items":[{"text":"-17%","backgroundColor":"#FF9903","textColor":"#FFFFFF"}]}],"geniusPrice":null,"geniusUnitPricePerLabel":null,"banner":{"text":"Super preț","textColor":"#FF0000","bgColor":"#FFF2EC","icon":null,"link":"https://www.freshful.ro/oferte/oferte-dph-21feb-8mar23","type":"promo","analyticsEventType":"select_promotion","analyticsEventPayload":{"promotion_id":"oferte-dph-21feb-8mar23","promotion_name":"Curățenie și îngrijire personală"}},"discountLabel":"Economisești 17%","geniusDiscountLabel":null,"badge":null},{"code":"100091353","variantCode":"100091353","name":"Aparat de ras de unică folosință Tresures pentru femei 3 buc","slug":"100091353-gillette-venus-aparat-de-ras-de-unica-folosinta-tresures-pentru-femei-3-buc","unitPriceLabel":"","brand":"Gillette Venus","brandCode":"661","brandFilterCode":"gillette-venus-b662","sku":"100091353","price":28.99,"originalPrice":30.9,"currencyCode":"RON","currency":"Lei","image":{"thumbnail":{"default":"https://cdn.freshful.ro/media/cache/sylius_shop_product_thumbnail/c6/8c/2e9ff0b597943ea6ea999c2d0e49.jpg"},"large":{"default":"https://cdn.freshful.ro/media/cache/freshful_large/c6/8c/2e9ff0b597943ea6ea999c2d0e49.jpg"},"extralarge":{"default":"https://cdn.freshful.ro/media/cache/sylius_shop_product_original/c6/8c/2e9ff0b597943ea6ea999c2d0e49.jpg"}},"label":{"text":"-6%","backgroundColor":"#FF9903","textColor":"#FFFFFF"},"tags":[],"isAvailable":true,"maxAvailableQuantity":53,"maxAllowedQuantity":100,"breadcrumbs":[{"code":"11","name":"Cosmetice","slug":"11-cosmetice-si-ingrijire-personala"},{"code":"1105","name":"Ceară, benzi și creme depilatoare","slug":"1105-ceara-benzi-si-creme-depliatoare"},{"code":"110504","name":"Aparate de ras și epilat","slug":"110504-aparate-de-ras-epliare"},{"code":"100091353","name":"Aparat de ras de unică folosință Tresures pentru femei 3 buc","slug":"100091353-gillette-venus-aparat-de-ras-de-unica-folosinta-tresures-pentru-femei-3-buc"}],"activePromotion":{"code":"oferte-dph-21feb-8mar23","name":"Preț redus","targetQuantity":null},"saveMe":null,"labels":[{"type":"v1","items":[{"text":"-6%","backgroundColor":"#FF9903","textColor":"#FFFFFF"}]}],"geniusPrice":null,"geniusUnitPricePerLabel":null,"banner":{"text":"Super preț","textColor":"#FF0000","bgColor":"#FFF2EC","icon":null,"link":"https://www.freshful.ro/oferte/oferte-dph-21feb-8mar23","type":"promo","analyticsEventType":"select_promotion","analyticsEventPayload":{"promotion_id":"oferte-dph-21feb-8mar23","promotion_name":"Curățenie și îngrijire personală"}},"discountLabel":"Economisești 6%","geniusDiscountLabel":null,"badge":null},{"code":"100091361","variantCode":"100091361","name":"Gel de ras Venus pentru piele uscată 200ml","slug":"100091361-gillette-venus-gel-de-ras-venus-pentru-piele-uscata-200ml","unitPriceLabel":"89,95 Lei/l","brand":"Gillette Venus","brandCode":"661","brandFilterCode":"gillette-venus-b662","sku":"100091361","price":17.99,"originalPrice":19.49,"currencyCode":"RON","currency":"Lei","image":{"thumbnail":{"default":"https://cdn.freshful.ro/media/cache/sylius_shop_product_thumbnail/46/e9/4bc971c673ef846f89f98642f5e9.jpg"},"large":{"default":"https://cdn.freshful.ro/media/cache/freshful_large/46/e9/4bc971c673ef846f89f98642f5e9.jpg"},"extralarge":{"default":"https://cdn.freshful.ro/media/cache/sylius_shop_product_original/46/e9/4bc971c673ef846f89f98642f5e9.jpg"}},"label":{"text":"-7%","backgroundColor":"#FF9903","textColor":"#FFFFFF"},"tags":[],"isAvailable":true,"maxAvailableQuantity":53,"maxAllowedQuantity":100,"breadcrumbs":[{"code":"11","name":"Cosmetice","slug":"11-cosmetice-si-ingrijire-personala"},{"code":"1105","name":"Ceară, benzi și creme depilatoare","slug":"1105-ceara-benzi-si-creme-depliatoare"},{"code":"110503","name":"Gel și spumă depilatoare","slug":"110503-gel-si-spuma-epilare"},{"code":"100091361","name":"Gel de ras Venus pentru piele uscată 200ml","slug":"100091361-gillette-venus-gel-de-ras-venus-pentru-piele-uscata-200ml"}],"activePromotion":{"code":"oferte-dph-21feb-8mar23","name":"Preț redus","targetQuantity":null},"saveMe":null,"labels":[{"type":"v1","items":[{"text":"-7%","backgroundColor":"#FF9903","textColor":"#FFFFFF"}]}],"geniusPrice":null,"geniusUnitPricePerLabel":null,"banner":{"text":"Super preț","textColor":"#FF0000","bgColor":"#FFF2EC","icon":null,"link":"https://www.freshful.ro/oferte/oferte-dph-21feb-8mar23","type":"promo","analyticsEventType":"select_promotion","analyticsEventPayload":{"promotion_id":"oferte-dph-21feb-8mar23","promotion_name":"Curățenie și îngrijire personală"}},"discountLabel":"Economisești 7%","geniusDiscountLabel":null,"badge":null},{"code":"100086195","variantCode":"100086195","name":"Benzi depilatoare pentru corp Charcoal Power 12 buc","slug":"100086195-elmiplant-benzi-depilatoare-pentru-corp-charcoal-power-12-buc","unitPriceLabel":"","brand":"Elmiplant","brandCode":"550","brandFilterCode":"elmiplant-b551","sku":"100086195","price":8.99,"originalPrice":11.9,"currencyCode":"RON","currency":"Lei","image":{"thumbnail":{"default":"https://cdn.freshful.ro/media/cache/sylius_shop_product_thumbnail/71/a3/e9b94eba0d243f6334d652b6cbd2.jpg"},"large":{"default":"https://cdn.freshful.ro/media/cache/freshful_large/71/a3/e9b94eba0d243f6334d652b6cbd2.jpg"},"extralarge":{"default":"https://cdn.freshful.ro/media/cache/sylius_shop_product_original/71/a3/e9b94eba0d243f6334d652b6cbd2.jpg"}},"label":{"text":"-24%","backgroundColor":"#FF9903","textColor":"#FFFFFF"},"tags":[],"isAvailable":true,"maxAvailableQuantity":20,"maxAllowedQuantity":100,"breadcrumbs":[{"code":"11","name":"Cosmetice","slug":"11-cosmetice-si-ingrijire-personala"},{"code":"1105","name":"Ceară, benzi și creme depilatoare","slug":"1105-ceara-benzi-si-creme-depliatoare"},{"code":"110501","name":"Ceară depilatoare","slug":"110501-ceara-epliare"},{"code":"100086195","name":"Benzi depilatoare pentru corp Charcoal Power 12 buc","slug":"100086195-elmiplant-benzi-depilatoare-pentru-corp-charcoal-power-12-buc"}],"activePromotion":{"code":"oferte-dph-21feb-8mar23","name":"Preț redus","targetQuantity":null},"saveMe":null,"labels":[{"type":"v1","items":[{"text":"-24%","backgroundColor":"#FF9903","textColor":"#FFFFFF"}]}],"geniusPrice":null,"geniusUnitPricePerLabel":null,"banner":{"text":"Super preț","textColor":"#FF0000","bgColor":"#FFF2EC","icon":null,"link":"https://www.freshful.ro/oferte/oferte-dph-21feb-8mar23","type":"promo","analyticsEventType":"select_promotion","analyticsEventPayload":{"promotion_id":"oferte-dph-21feb-8mar23","promotion_name":"Curățenie și îngrijire personală"}},"discountLabel":"Economisești 24%","geniusDiscountLabel":null,"badge":null},{"code":"100086194","variantCode":"5201314131571","name":"Cremă depilatoare corp Charcoal Power 150ml","slug":"100086194-elmiplant-crema-depilatoare-corp-charcoal-power-150ml","unitPriceLabel":"66,6 Lei/l","brand":"Elmiplant","brandCode":"550","brandFilterCode":"elmiplant-b551","sku":"100086194","price":9.99,"originalPrice":12.5,"currencyCode":"RON","currency":"Lei","image":{"thumbnail":{"default":"https://cdn.freshful.ro/media/cache/sylius_shop_product_thumbnail/15/2c/588093b8e7ec29469756af361e63.jpg"},"large":{"default":"https://cdn.freshful.ro/media/cache/freshful_large/15/2c/588093b8e7ec29469756af361e63.jpg"},"extralarge":{"default":"https://cdn.freshful.ro/media/cache/sylius_shop_product_original/15/2c/588093b8e7ec29469756af361e63.jpg"}},"label":{"text":"-20%","backgroundColor":"#FF9903","textColor":"#FFFFFF"},"tags":[{"type":"vegan","text":"Vegan","icon":"https://cdn.freshful.ro/assets/product_tags/vegan.svg","iconPng":"https://cdn.freshful.ro/assets/product_tags/vegan.png","backgroundColor":"#ECF9F8","textColor":"#33A39C"}],"isAvailable":true,"maxAvailableQuantity":25,"maxAllowedQuantity":100,"breadcrumbs":[{"code":"11","name":"Cosmetice","slug":"11-cosmetice-si-ingrijire-personala"},{"code":"1105","name":"Ceară, benzi și creme depilatoare","slug":"1105-ceara-benzi-si-creme-depliatoare"},{"code":"110502","name":"Cremă depilatoare","slug":"110502-crema-epilare"},{"code":"100086194","name":"Cremă depilatoare corp Charcoal Power 150ml","slug":"100086194-elmiplant-crema-depilatoare-corp-charcoal-power-150ml"}],"activePromotion":{"code":"oferte-dph-21feb-8mar23","name":"Preț redus","targetQuantity":null},"saveMe":null,"labels":[{"type":"v1","items":[{"text":"-20%","backgroundColor":"#FF9903","textColor":"#FFFFFF"}]}],"geniusPrice":null,"geniusUnitPricePerLabel":null,"banner":{"text":"Super preț","textColor":"#FF0000","bgColor":"#FFF2EC","icon":null,"link":"https://www.freshful.ro/oferte/oferte-dph-21feb-8mar23","type":"promo","analyticsEventType":"select_promotion","analyticsEventPayload":{"promotion_id":"oferte-dph-21feb-8mar23","promotion_name":"Curățenie și îngrijire personală"}},"discountLabel":"Economisești 20%","geniusDiscountLabel":null,"badge":null},{"code":"100086196","variantCode":"100086196","name":"Cremă depilatoare pentru față Almond Care 20ml","slug":"100086196-elmiplant-crema-depilatoare-pentru-fata-almond-care-20ml","unitPriceLabel":"449,5 Lei/l","brand":"Elmiplant","brandCode":"550","brandFilterCode":"elmiplant-b551","sku":"100086196","price":8.99,"originalPrice":11.9,"currencyCode":"RON","currency":"Lei","image":{"thumbnail":{"default":"https://cdn.freshful.ro/media/cache/sylius_shop_product_thumbnail/72/a9/6596b8bbeda5cbb56840e9546ff2.jpg"},"large":{"default":"https://cdn.freshful.ro/media/cache/freshful_large/72/a9/6596b8bbeda5cbb56840e9546ff2.jpg"},"extralarge":{"default":"https://cdn.freshful.ro/media/cache/sylius_shop_product_original/72/a9/6596b8bbeda5cbb56840e9546ff2.jpg"}},"label":{"text":"-24%","backgroundColor":"#FF9903","textColor":"#FFFFFF"},"tags":[{"type":"vegan","text":"Vegan","icon":"https://cdn.freshful.ro/assets/product_tags/vegan.svg","iconPng":"https://cdn.freshful.ro/assets/product_tags/vegan.png","backgroundColor":"#ECF9F8","textColor":"#33A39C"}],"isAvailable":true,"maxAvailableQuantity":5,"maxAllowedQuantity":100,"breadcrumbs":[{"code":"11","name":"Cosmetice","slug":"11-cosmetice-si-ingrijire-personala"},{"code":"1105","name":"Ceară, benzi și creme depilatoare","slug":"1105-ceara-benzi-si-creme-depliatoare"},{"code":"110502","name":"Cremă depilatoare","slug":"110502-crema-epilare"},{"code":"100086196","name":"Cremă depilatoare pentru față Almond Care 20ml","slug":"100086196-elmiplant-crema-depilatoare-pentru-fata-almond-care-20ml"}],"activePromotion":{"code":"oferte-dph-21feb-8mar23","name":"Preț redus","targetQuantity":null},"saveMe":null,"labels":[{"type":"v1","items":[{"text":"-24%","backgroundColor":"#FF9903","textColor":"#FFFFFF"}]}],"geniusPrice":null,"geniusUnitPricePerLabel":null,"banner":{"text":"Super preț","textColor":"#FF0000","bgColor":"#FFF2EC","icon":null,"link":"https://www.freshful.ro/oferte/oferte-dph-21feb-8mar23","type":"promo","analyticsEventType":"select_promotion","analyticsEventPayload":{"promotion_id":"oferte-dph-21feb-8mar23","promotion_name":"Curățenie și îngrijire personală"}},"discountLabel":"Economisești 24%","geniusDiscountLabel":null,"badge":null},{"code":"100091355","variantCode":"100091355","name":"Aparat de ras de unică folosință Oceana pentru femei 3 buc","slug":"100091355-gillette-venus-aparat-de-ras-de-unica-folosinta-oceana-pentru-femei-3-buc","unitPriceLabel":"","brand":"Gillette Venus","brandCode":"661","brandFilterCode":"gillette-venus-b662","sku":"100091355","price":23.9,"originalPrice":null,"currencyCode":"RON","currency":"Lei","image":{"thumbnail":{"default":"https://cdn.freshful.ro/media/cache/sylius_shop_product_thumbnail/ef/b8/e44668d38a6f35992c0763ebf8da.jpg"},"large":{"default":"https://cdn.freshful.ro/media/cache/freshful_large/ef/b8/e44668d38a6f35992c0763ebf8da.jpg"},"extralarge":{"default":"https://cdn.freshful.ro/media/cache/sylius_shop_product_original/ef/b8/e44668d38a6f35992c0763ebf8da.jpg"}},"label":null,"tags":[],"isAvailable":true,"maxAvailableQuantity":100,"maxAllowedQuantity":100,"breadcrumbs":[{"code":"11","name":"Cosmetice","slug":"11-cosmetice-si-ingrijire-personala"},{"code":"1105","name":"Ceară, benzi și creme depilatoare","slug":"1105-ceara-benzi-si-creme-depliatoare"},{"code":"110504","name":"Aparate de ras și epilat","slug":"110504-aparate-de-ras-epliare"},{"code":"100091355","name":"Aparat de ras de unică folosință Oceana pentru femei 3 buc","slug":"100091355-gillette-venus-aparat-de-ras-de-unica-folosinta-oceana-pentru-femei-3-buc"}],"activePromotion":null,"saveMe":null,"labels":[],"geniusPrice":null,"geniusUnitPricePerLabel":null,"banner":null,"discountLabel":null,"geniusDiscountLabel":null,"badge":null},{"code":"100091362","variantCode":"100091362","name":"Gel de ras pentru femei Sensitive 200ml","slug":"100091362-gillette-venus-gel-de-ras-pentru-femei-sensitive-200ml","unitPriceLabel":"107,5 Lei/l","brand":"Gillette Venus","brandCode":"661","brandFilterCode":"gillette-venus-b662","sku":"100091362","price":21.5,"originalPrice":null,"currencyCode":"RON","currency":"Lei","image":{"thumbnail":{"default":"https://cdn.freshful.ro/media/cache/sylius_shop_product_thumbnail/3b/24/34f23b3732bde2933c93f4b254d2.jpg"},"large":{"default":"https://cdn.freshful.ro/media/cache/freshful_large/3b/24/34f23b3732bde2933c93f4b254d2.jpg"},"extralarge":{"default":"https://cdn.freshful.ro/media/cache/sylius_shop_product_original/3b/24/34f23b3732bde2933c93f4b254d2.jpg"}},"label":null,"tags":[],"isAvailable":true,"maxAvailableQuantity":100,"maxAllowedQuantity":100,"breadcrumbs":[{"code":"11","name":"Cosmetice","slug":"11-cosmetice-si-ingrijire-personala"},{"code":"1105","name":"Ceară, benzi și creme depilatoare","slug":"1105-ceara-benzi-si-creme-depliatoare"},{"code":"110503","name":"Gel și spumă depilatoare","slug":"110503-gel-si-spuma-epilare"},{"code":"100091362","name":"Gel de ras pentru femei Sensitive 200ml","slug":"100091362-gillette-venus-gel-de-ras-pentru-femei-sensitive-200ml"}],"activePromotion":null,"saveMe":null,"labels":[],"geniusPrice":null,"geniusUnitPricePerLabel":null,"banner":null,"discountLabel":null,"geniusDiscountLabel":null,"badge":null}]},{"analyticsListId":"category-slot_1106-seturi-cadou","analyticsListName":"Category Slot - Seturi cadou","type":"products_carousel","title":"Seturi cadou","link":{"title":"Mai multe","count":48,"url":"/c/11-cosmetice-si-ingrijire-personala/1106-seturi-cadou"},"products":[{"code":"100148529","variantCode":"100148529","name":"Set cadou The Ritual of Sakura - Renewing Treat","slug":"100148529-rituals-set-cadou-the-ritual-of-sakura-renewing-treat","unitPriceLabel":"","brand":"Rituals","brandCode":"2896","brandFilterCode":"rituals-b2992","sku":"100148529","price":89.99,"originalPrice":99.99,"currencyCode":"RON","currency":"Lei","image":{"thumbnail":{"default":"https://cdn.freshful.ro/media/cache/sylius_shop_product_thumbnail/9e/fe/6bc42d5b168d4fd9b89a8dca8126.jpg"},"large":{"default":"https://cdn.freshful.ro/media/cache/freshful_large/9e/fe/6bc42d5b168d4fd9b89a8dca8126.jpg"},"extralarge":{"default":"https://cdn.freshful.ro/media/cache/sylius_shop_product_original/9e/fe/6bc42d5b168d4fd9b89a8dca8126.jpg"}},"label":{"text":"-10%","backgroundColor":"#FF9903","textColor":"#FFFFFF"},"tags":[],"isAvailable":true,"maxAvailableQuantity":25,"maxAllowedQuantity":100,"breadcrumbs":[{"code":"11","name":"Cosmetice","slug":"11-cosmetice-si-ingrijire-personala"},{"code":"1106","name":"Seturi cadou","slug":"1106-seturi-cadou"},{"code":"110602","name":"Pachete cadou femei","slug":"110602-pachete-cadou-femei"},{"code":"100148529","name":"Set cadou The Ritual of Sakura - Renewing Treat","slug":"100148529-rituals-set-cadou-the-ritual-of-sakura-renewing-treat"}],"activePromotion":{"code":"special-cosmetice-21feb-8mar23","name":"Preț redus","targetQuantity":null},"saveMe":null,"labels":[{"type":"v1","items":[{"text":"-10%","backgroundColor":"#FF9903","textColor":"#FFFFFF"}]}],"geniusPrice":null,"geniusUnitPricePerLabel":null,"banner":{"text":"Super preț","textColor":"#FF0000","bgColor":"#FFF2EC","icon":null,"link":"https://www.freshful.ro/oferte/special-cosmetice-21feb-8mar23","type":"promo","analyticsEventType":"select_promotion","analyticsEventPayload":{"promotion_id":"special-cosmetice-21feb-8mar23","promotion_name":"Cadouri pentru sărbătoritele lunii martie"}},"discountLabel":"Economisești 10%","geniusDiscountLabel":null,"badge":null},{"code":"100148531","variantCode":"100148531","name":"Set cadou The Ritual of Mehr - Energising Treat","slug":"100148531-rituals-set-cadou-the-ritual-of-mehr-energising-treat","unitPriceLabel":"","brand":"Rituals","brandCode":"2896","brandFilterCode":"rituals-b2992","sku":"100148531","price":89.99,"originalPrice":99.99,"currencyCode":"RON","currency":"Lei","image":{"thumbnail":{"default":"https://cdn.freshful.ro/media/cache/sylius_shop_product_thumbnail/65/6f/6e662512a51532738b4b9a859b02.jpg"},"large":{"default":"https://cdn.freshful.ro/media/cache/freshful_large/65/6f/6e662512a51532738b4b9a859b02.jpg"},"extralarge":{"default":"https://cdn.freshful.ro/media/cache/sylius_shop_product_original/65/6f/6e662512a51532738b4b9a859b02.jpg"}},"label":{"text":"-10%","backgroundColor":"#FF9903","textColor":"#FFFFFF"},"tags":[],"isAvailable":true,"maxAvailableQuantity":24,"maxAllowedQuantity":100,"breadcrumbs":[{"code":"11","name":"Cosmetice","slug":"11-cosmetice-si-ingrijire-personala"},{"code":"1106","name":"Seturi cadou","slug":"1106-seturi-cadou"},{"code":"110602","name":"Pachete cadou femei","slug":"110602-pachete-cadou-femei"},{"code":"100148531","name":"Set cadou The Ritual of Mehr - Energising Treat","slug":"100148531-rituals-set-cadou-the-ritual-of-mehr-energising-treat"}],"activePromotion":{"code":"special-cosmetice-21feb-8mar23","name":"Preț redus","targetQuantity":null},"saveMe":null,"labels":[{"type":"v1","items":[{"text":"-10%","backgroundColor":"#FF9903","textColor":"#FFFFFF"}]}],"geniusPrice":null,"geniusUnitPricePerLabel":null,"banner":{"text":"Super preț","textColor":"#FF0000","bgColor":"#FFF2EC","icon":null,"link":"https://www.freshful.ro/oferte/special-cosmetice-21feb-8mar23","type":"promo","analyticsEventType":"select_promotion","analyticsEventPayload":{"promotion_id":"special-cosmetice-21feb-8mar23","promotion_name":"Cadouri pentru sărbătoritele lunii martie"}},"discountLabel":"Economisești 10%","geniusDiscountLabel":null,"badge":null},{"code":"100148533","variantCode":"100148533","name":"Set cadou The Ritual of Ayurveda - Rebalancing Ritual","slug":"100148533-rituals-set-cadou-the-ritual-of-ayurveda-rebalancing-ritual","unitPriceLabel":"","brand":"Rituals","brandCode":"2896","brandFilterCode":"rituals-b2992","sku":"100148533","price":149.99,"originalPrice":169.99,"currencyCode":"RON","currency":"Lei","image":{"thumbnail":{"default":"https://cdn.freshful.ro/media/cache/sylius_shop_product_thumbnail/a0/b6/66e23c731f5bdc53e5794cd22fa8.jpg"},"large":{"default":"https://cdn.freshful.ro/media/cache/freshful_large/a0/b6/66e23c731f5bdc53e5794cd22fa8.jpg"},"extralarge":{"default":"https://cdn.freshful.ro/media/cache/sylius_shop_product_original/a0/b6/66e23c731f5bdc53e5794cd22fa8.jpg"}},"label":{"text":"-11%","backgroundColor":"#FF9903","textColor":"#FFFFFF"},"tags":[],"isAvailable":true,"maxAvailableQuantity":12,"maxAllowedQuantity":100,"breadcrumbs":[{"code":"11","name":"Cosmetice","slug":"11-cosmetice-si-ingrijire-personala"},{"code":"1106","name":"Seturi cadou","slug":"1106-seturi-cadou"},{"code":"110602","name":"Pachete cadou femei","slug":"110602-pachete-cadou-femei"},{"code":"100148533","name":"Set cadou The Ritual of Ayurveda - Rebalancing Ritual","slug":"100148533-rituals-set-cadou-the-ritual-of-ayurveda-rebalancing-ritual"}],"activePromotion":{"code":"special-cosmetice-21feb-8mar23","name":"Preț redus","targetQuantity":null},"saveMe":null,"labels":[{"type":"v1","items":[{"text":"-11%","backgroundColor":"#FF9903","textColor":"#FFFFFF"}]}],"geniusPrice":null,"geniusUnitPricePerLabel":null,"banner":{"text":"Super preț","textColor":"#FF0000","bgColor":"#FFF2EC","icon":null,"link":"https://www.freshful.ro/oferte/special-cosmetice-21feb-8mar23","type":"promo","analyticsEventType":"select_promotion","analyticsEventPayload":{"promotion_id":"special-cosmetice-21feb-8mar23","promotion_name":"Cadouri pentru sărbătoritele lunii martie"}},"discountLabel":"Economisești 11%","geniusDiscountLabel":null,"badge":null},{"code":"100148535","variantCode":"100148535","name":"Set cadou The Ritual of Karma - Soothing Collection","slug":"100148535-rituals-set-cadou-the-ritual-of-karma-soothing-collection","unitPriceLabel":"","brand":"Rituals","brandCode":"2896","brandFilterCode":"rituals-b2992","sku":"100148535","price":199.99,"originalPrice":229.99,"currencyCode":"RON","currency":"Lei","image":{"thumbnail":{"default":"https://cdn.freshful.ro/media/cache/sylius_shop_product_thumbnail/b6/1c/50caebe8a0c0cb40e0f3891267dc.jpg"},"large":{"default":"https://cdn.freshful.ro/media/cache/freshful_large/b6/1c/50caebe8a0c0cb40e0f3891267dc.jpg"},"extralarge":{"default":"https://cdn.freshful.ro/media/cache/sylius_shop_product_original/b6/1c/50caebe8a0c0cb40e0f3891267dc.jpg"}},"label":{"text":"-13%","backgroundColor":"#FF9903","textColor":"#FFFFFF"},"tags":[],"isAvailable":true,"maxAvailableQuantity":7,"maxAllowedQuantity":100,"breadcrumbs":[{"code":"11","name":"Cosmetice","slug":"11-cosmetice-si-ingrijire-personala"},{"code":"1106","name":"Seturi cadou","slug":"1106-seturi-cadou"},{"code":"110602","name":"Pachete cadou femei","slug":"110602-pachete-cadou-femei"},{"code":"100148535","name":"Set cadou The Ritual of Karma - Soothing Collection","slug":"100148535-rituals-set-cadou-the-ritual-of-karma-soothing-collection"}],"activePromotion":{"code":"special-cosmetice-21feb-8mar23","name":"Preț redus","targetQuantity":null},"saveMe":null,"labels":[{"type":"v1","items":[{"text":"-13%","backgroundColor":"#FF9903","textColor":"#FFFFFF"}]}],"geniusPrice":null,"geniusUnitPricePerLabel":null,"banner":{"text":"Super preț","textColor":"#FF0000","bgColor":"#FFF2EC","icon":null,"link":"https://www.freshful.ro/oferte/special-cosmetice-21feb-8mar23","type":"promo","analyticsEventType":"select_promotion","analyticsEventPayload":{"promotion_id":"special-cosmetice-21feb-8mar23","promotion_name":"Cadouri pentru sărbătoritele lunii martie"}},"discountLabel":"Economisești 13%","geniusDiscountLabel":null,"badge":null},{"code":"100128673","variantCode":"100128673","name":"Set cadou femei baie Coconut Oil-Beauty Ritual","slug":"100128673-cottage-set-cadou-femei-baie-coconut-oil-beauty-ritual","unitPriceLabel":"","brand":"Cottage","brandCode":"704","brandFilterCode":"cottage-b705","sku":"100128673","price":71.99,"originalPrice":89.99,"currencyCode":"RON","currency":"Lei","image":{"thumbnail":{"default":"https://cdn.freshful.ro/media/cache/sylius_shop_product_thumbnail/cc/82/08d39a814987a3ae6e36e96d3b37.jpg"},"large":{"default":"https://cdn.freshful.ro/media/cache/freshful_large/cc/82/08d39a814987a3ae6e36e96d3b37.jpg"},"extralarge":{"default":"https://cdn.freshful.ro/media/cache/sylius_shop_product_original/cc/82/08d39a814987a3ae6e36e96d3b37.jpg"}},"label":{"text":"-20%","backgroundColor":"#FF9903","textColor":"#FFFFFF"},"tags":[],"isAvailable":true,"maxAvailableQuantity":43,"maxAllowedQuantity":100,"breadcrumbs":[{"code":"11","name":"Cosmetice","slug":"11-cosmetice-si-ingrijire-personala"},{"code":"1106","name":"Seturi cadou","slug":"1106-seturi-cadou"},{"code":"110602","name":"Pachete cadou femei","slug":"110602-pachete-cadou-femei"},{"code":"100128673","name":"Set cadou femei baie Coconut Oil-Beauty Ritual","slug":"100128673-cottage-set-cadou-femei-baie-coconut-oil-beauty-ritual"}],"activePromotion":{"code":"special-cosmetice-21feb-8mar23","name":"Preț redus","targetQuantity":null},"saveMe":null,"labels":[{"type":"v1","items":[{"text":"-20%","backgroundColor":"#FF9903","textColor":"#FFFFFF"}]}],"geniusPrice":null,"geniusUnitPricePerLabel":null,"banner":{"text":"Super preț","textColor":"#FF0000","bgColor":"#FFF2EC","icon":null,"link":"https://www.freshful.ro/oferte/special-cosmetice-21feb-8mar23","type":"promo","analyticsEventType":"select_promotion","analyticsEventPayload":{"promotion_id":"special-cosmetice-21feb-8mar23","promotion_name":"Cadouri pentru sărbătoritele lunii martie"}},"discountLabel":"Economisești 20%","geniusDiscountLabel":null,"badge":null},{"code":"100143719","variantCode":"100143719","name":"Set cadou Naturally Caring Fresh % Revitalized Skin","slug":"100143719-dove-set-cadou-naturally-caring-fresh-revitalized-skin","unitPriceLabel":"","brand":"Dove","brandCode":"763","brandFilterCode":"dove-b764","sku":"100143719","price":25.99,"originalPrice":28.99,"currencyCode":"RON","currency":"Lei","image":{"thumbnail":{"default":"https://cdn.freshful.ro/media/cache/sylius_shop_product_thumbnail/81/b0/5e035425aaa24e0f1a76b773436c.jpg"},"large":{"default":"https://cdn.freshful.ro/media/cache/freshful_large/81/b0/5e035425aaa24e0f1a76b773436c.jpg"},"extralarge":{"default":"https://cdn.freshful.ro/media/cache/sylius_shop_product_original/81/b0/5e035425aaa24e0f1a76b773436c.jpg"}},"label":{"text":"-10%","backgroundColor":"#FF9903","textColor":"#FFFFFF"},"tags":[],"isAvailable":true,"maxAvailableQuantity":16,"maxAllowedQuantity":100,"breadcrumbs":[{"code":"11","name":"Cosmetice","slug":"11-cosmetice-si-ingrijire-personala"},{"code":"1106","name":"Seturi cadou","slug":"1106-seturi-cadou"},{"code":"110602","name":"Pachete cadou femei","slug":"110602-pachete-cadou-femei"},{"code":"100143719","name":"Set cadou Naturally Caring Fresh % Revitalized Skin","slug":"100143719-dove-set-cadou-naturally-caring-fresh-revitalized-skin"}],"activePromotion":{"code":"special-cosmetice-21feb-8mar23","name":"Preț redus","targetQuantity":null},"saveMe":null,"labels":[{"type":"v1","items":[{"text":"-10%","backgroundColor":"#FF9903","textColor":"#FFFFFF"}]}],"geniusPrice":null,"geniusUnitPricePerLabel":null,"banner":{"text":"Super preț","textColor":"#FF0000","bgColor":"#FFF2EC","icon":null,"link":"https://www.freshful.ro/oferte/special-cosmetice-21feb-8mar23","type":"promo","analyticsEventType":"select_promotion","analyticsEventPayload":{"promotion_id":"special-cosmetice-21feb-8mar23","promotion_name":"Cadouri pentru sărbătoritele lunii martie"}},"discountLabel":"Economisești 10%","geniusDiscountLabel":null,"badge":null},{"code":"100143329","variantCode":"100143329","name":"Set Hydro Boost","slug":"100143329-neutrogena-set-hydro-boost","unitPriceLabel":"","brand":"Neutrogena","brandCode":"548","brandFilterCode":"neutrogena-b549","sku":"100143329","price":69.99,"originalPrice":81.99,"currencyCode":"RON","currency":"Lei","image":{"thumbnail":{"default":"https://cdn.freshful.ro/media/cache/sylius_shop_product_thumbnail/f1/8e/f94ae64bca86fc605547d1259ea5.jpg"},"large":{"default":"https://cdn.freshful.ro/media/cache/freshful_large/f1/8e/f94ae64bca86fc605547d1259ea5.jpg"},"extralarge":{"default":"https://cdn.freshful.ro/media/cache/sylius_shop_product_original/f1/8e/f94ae64bca86fc605547d1259ea5.jpg"}},"label":{"text":"-14%","backgroundColor":"#FF9903","textColor":"#FFFFFF"},"tags":[],"isAvailable":true,"maxAvailableQuantity":5,"maxAllowedQuantity":100,"breadcrumbs":[{"code":"11","name":"Cosmetice","slug":"11-cosmetice-si-ingrijire-personala"},{"code":"1106","name":"Seturi cadou","slug":"1106-seturi-cadou"},{"code":"110602","name":"Pachete cadou femei","slug":"110602-pachete-cadou-femei"},{"code":"100143329","name":"Set Hydro Boost","slug":"100143329-neutrogena-set-hydro-boost"}],"activePromotion":{"code":"special-cosmetice-21feb-8mar23","name":"Preț redus","targetQuantity":null},"saveMe":null,"labels":[{"type":"v1","items":[{"text":"-14%","backgroundColor":"#FF9903","textColor":"#FFFFFF"}]}],"geniusPrice":null,"geniusUnitPricePerLabel":null,"banner":{"text":"Super preț","textColor":"#FF0000","bgColor":"#FFF2EC","icon":null,"link":"https://www.freshful.ro/oferte/special-cosmetice-21feb-8mar23","type":"promo","analyticsEventType":"select_promotion","analyticsEventPayload":{"promotion_id":"special-cosmetice-21feb-8mar23","promotion_name":"Cadouri pentru sărbătoritele lunii martie"}},"discountLabel":"Economisești 14%","geniusDiscountLabel":null,"badge":null},{"code":"100143716","variantCode":"100143716","name":"Set cadou Botanicals Skin Purify&Refresh","slug":"100143716-lux-set-cadou-botanicals-skin-purify-refresh","unitPriceLabel":"","brand":"Lux","brandCode":"2710","brandFilterCode":"lux-b2717","sku":"100143716","price":39.99,"originalPrice":44.99,"currencyCode":"RON","currency":"Lei","image":{"thumbnail":{"default":"https://cdn.freshful.ro/media/cache/sylius_shop_product_thumbnail/9e/d8/3c9f4e12d0e4d05a2031e1d41bae.jpg"},"large":{"default":"https://cdn.freshful.ro/media/cache/freshful_large/9e/d8/3c9f4e12d0e4d05a2031e1d41bae.jpg"},"extralarge":{"default":"https://cdn.freshful.ro/media/cache/sylius_shop_product_original/9e/d8/3c9f4e12d0e4d05a2031e1d41bae.jpg"}},"label":{"text":"-11%","backgroundColor":"#FF9903","textColor":"#FFFFFF"},"tags":[],"isAvailable":true,"maxAvailableQuantity":4,"maxAllowedQuantity":100,"breadcrumbs":[{"code":"11","name":"Cosmetice","slug":"11-cosmetice-si-ingrijire-personala"},{"code":"1106","name":"Seturi cadou","slug":"1106-seturi-cadou"},{"code":"110602","name":"Pachete cadou femei","slug":"110602-pachete-cadou-femei"},{"code":"100143716","name":"Set cadou Botanicals Skin Purify&Refresh","slug":"100143716-lux-set-cadou-botanicals-skin-purify-refresh"}],"activePromotion":{"code":"special-cosmetice-21feb-8mar23","name":"Preț redus","targetQuantity":null},"saveMe":null,"labels":[{"type":"v1","items":[{"text":"-11%","backgroundColor":"#FF9903","textColor":"#FFFFFF"}]}],"geniusPrice":null,"geniusUnitPricePerLabel":null,"banner":{"text":"Super preț","textColor":"#FF0000","bgColor":"#FFF2EC","icon":null,"link":"https://www.freshful.ro/oferte/special-cosmetice-21feb-8mar23","type":"promo","analyticsEventType":"select_promotion","analyticsEventPayload":{"promotion_id":"special-cosmetice-21feb-8mar23","promotion_name":"Cadouri pentru sărbătoritele lunii martie"}},"discountLabel":"Economisești 11%","geniusDiscountLabel":null,"badge":null},{"code":"100143725","variantCode":"100143725","name":"Set cadou Original Care Deeply nourishing skin","slug":"100143725-dove-set-cadou-original-care-deeply-nourishing-skin","unitPriceLabel":"","brand":"Dove","brandCode":"763","brandFilterCode":"dove-b764","sku":"100143725","price":32.99,"originalPrice":36.99,"currencyCode":"RON","currency":"Lei","image":{"thumbnail":{"default":"https://cdn.freshful.ro/media/cache/sylius_shop_product_thumbnail/88/dc/97ef4207561848b95268750b5296.jpg"},"large":{"default":"https://cdn.freshful.ro/media/cache/freshful_large/88/dc/97ef4207561848b95268750b5296.jpg"},"extralarge":{"default":"https://cdn.freshful.ro/media/cache/sylius_shop_product_original/88/dc/97ef4207561848b95268750b5296.jpg"}},"label":{"text":"-10%","backgroundColor":"#FF9903","textColor":"#FFFFFF"},"tags":[],"isAvailable":true,"maxAvailableQuantity":45,"maxAllowedQuantity":100,"breadcrumbs":[{"code":"11","name":"Cosmetice","slug":"11-cosmetice-si-ingrijire-personala"},{"code":"1106","name":"Seturi cadou","slug":"1106-seturi-cadou"},{"code":"110602","name":"Pachete cadou femei","slug":"110602-pachete-cadou-femei"},{"code":"100143725","name":"Set cadou Original Care Deeply nourishing skin","slug":"100143725-dove-set-cadou-original-care-deeply-nourishing-skin"}],"activePromotion":{"code":"special-cosmetice-21feb-8mar23","name":"Preț redus","targetQuantity":null},"saveMe":null,"labels":[{"type":"v1","items":[{"text":"-10%","backgroundColor":"#FF9903","textColor":"#FFFFFF"}]}],"geniusPrice":null,"geniusUnitPricePerLabel":null,"banner":{"text":"Super preț","textColor":"#FF0000","bgColor":"#FFF2EC","icon":null,"link":"https://www.freshful.ro/oferte/special-cosmetice-21feb-8mar23","type":"promo","analyticsEventType":"select_promotion","analyticsEventPayload":{"promotion_id":"special-cosmetice-21feb-8mar23","promotion_name":"Cadouri pentru sărbătoritele lunii martie"}},"discountLabel":"Economisești 10%","geniusDiscountLabel":null,"badge":null},{"code":"100143323","variantCode":"100143323","name":"Set cadou One Love","slug":"100143323-b-u-set-cadou-one-love","unitPriceLabel":"","brand":"B.U.","brandCode":"541","brandFilterCode":"b-u-b542","sku":"100143323","price":59.99,"originalPrice":67.98,"currencyCode":"RON","currency":"Lei","image":{"thumbnail":{"default":"https://cdn.freshful.ro/media/cache/sylius_shop_product_thumbnail/1c/45/558e6fd3c0a4ec89d3231be08c26.jpg"},"large":{"default":"https://cdn.freshful.ro/media/cache/freshful_large/1c/45/558e6fd3c0a4ec89d3231be08c26.jpg"},"extralarge":{"default":"https://cdn.freshful.ro/media/cache/sylius_shop_product_original/1c/45/558e6fd3c0a4ec89d3231be08c26.jpg"}},"label":{"text":"-11%","backgroundColor":"#FF9903","textColor":"#FFFFFF"},"tags":[],"isAvailable":true,"maxAvailableQuantity":2,"maxAllowedQuantity":100,"breadcrumbs":[{"code":"11","name":"Cosmetice","slug":"11-cosmetice-si-ingrijire-personala"},{"code":"1106","name":"Seturi cadou","slug":"1106-seturi-cadou"},{"code":"110602","name":"Pachete cadou femei","slug":"110602-pachete-cadou-femei"},{"code":"100143323","name":"Set cadou One Love","slug":"100143323-b-u-set-cadou-one-love"}],"activePromotion":{"code":"special-cosmetice-21feb-8mar23","name":"Preț redus","targetQuantity":null},"saveMe":null,"labels":[{"type":"v1","items":[{"text":"-11%","backgroundColor":"#FF9903","textColor":"#FFFFFF"}]}],"geniusPrice":null,"geniusUnitPricePerLabel":null,"banner":{"text":"Super preț","textColor":"#FF0000","bgColor":"#FFF2EC","icon":null,"link":"https://www.freshful.ro/oferte/special-cosmetice-21feb-8mar23","type":"promo","analyticsEventType":"select_promotion","analyticsEventPayload":{"promotion_id":"special-cosmetice-21feb-8mar23","promotion_name":"Cadouri pentru sărbătoritele lunii martie"}},"discountLabel":"Economisești 11%","geniusDiscountLabel":null,"badge":null}]},{"analyticsListId":"category-slot_1107-ingrijirea-parului","analyticsListName":"Category Slot - Îngrijirea părului","type":"products_carousel","title":"Îngrijirea părului","link":{"title":"Mai multe","count":606,"url":"/c/11-cosmetice-si-ingrijire-personala/1107-ingrijirea-parului"},"products":[{"code":"100086232","variantCode":"100086232","name":"Șampon uscat Original 200ml","slug":"100086232-batiste-sampon-uscat-original-200ml","unitPriceLabel":"102,55 Lei/l","brand":"Batiste","brandCode":"556","brandFilterCode":"batiste-b557","sku":"100086232","price":20.51,"originalPrice":null,"currencyCode":"RON","currency":"Lei","image":{"thumbnail":{"default":"https://cdn.freshful.ro/media/cache/sylius_shop_product_thumbnail/7f/e6/3644d568c95e559ba3abfddd05c1.jpg"},"large":{"default":"https://cdn.freshful.ro/media/cache/freshful_large/7f/e6/3644d568c95e559ba3abfddd05c1.jpg"},"extralarge":{"default":"https://cdn.freshful.ro/media/cache/sylius_shop_product_original/7f/e6/3644d568c95e559ba3abfddd05c1.jpg"}},"label":{"text":"Profită acum","backgroundColor":"#FF9903","textColor":"#FFFFFF"},"tags":[],"isAvailable":true,"maxAvailableQuantity":100,"maxAllowedQuantity":100,"breadcrumbs":[{"code":"11","name":"Cosmetice","slug":"11-cosmetice-si-ingrijire-personala"},{"code":"1107","name":"Îngrijirea părului","slug":"1107-ingrijirea-parului"},{"code":"110704","name":"Șampon","slug":"110704-sampon"},{"code":"100086232","name":"Șampon uscat Original 200ml","slug":"100086232-batiste-sampon-uscat-original-200ml"}],"activePromotion":{"code":"freshful-top-deals-2023","name":"Preț avantajos","targetQuantity":null},"saveMe":null,"labels":[{"type":"v1","items":[{"text":"Profită acum","backgroundColor":"#FF9903","textColor":"#FFFFFF"}]}],"geniusPrice":null,"geniusUnitPricePerLabel":null,"banner":{"text":"Preț avantajos","textColor":"#F95510","bgColor":"#FEF1CD","icon":null,"link":"https://www.freshful.ro/oferte/freshful-top-deals-2023","type":"promo","analyticsEventType":"select_promotion","analyticsEventPayload":{"promotion_id":"freshful-top-deals-2023","promotion_name":"Profită de Top Deals"}},"discountLabel":null,"geniusDiscountLabel":null,"badge":null},{"code":"100091502","variantCode":"100091502","name":"Șampon Menthol Fresh pentru păr normal 900ml","slug":"100091502-head-shoulders-sampon-menthol-fresh-pentru-par-normal-900ml","unitPriceLabel":"72,11 Lei/l","brand":"Head & Shoulders","brandCode":"663","brandFilterCode":"head-shoulders-b664","sku":"100091502","price":64.9,"originalPrice":null,"currencyCode":"RON","currency":"Lei","image":{"thumbnail":{"default":"https://cdn.freshful.ro/media/cache/sylius_shop_product_thumbnail/62/3e/ef774fb86113da695e6457579a18.jpg"},"large":{"default":"https://cdn.freshful.ro/media/cache/freshful_large/62/3e/ef774fb86113da695e6457579a18.jpg"},"extralarge":{"default":"https://cdn.freshful.ro/media/cache/sylius_shop_product_original/62/3e/ef774fb86113da695e6457579a18.jpg"}},"label":{"text":"-20% cu Genius","backgroundColor":"#FEF3FA","textColor":"#CD015F"},"tags":[],"isAvailable":true,"maxAvailableQuantity":100,"maxAllowedQuantity":100,"breadcrumbs":[{"code":"11","name":"Cosmetice","slug":"11-cosmetice-si-ingrijire-personala"},{"code":"1107","name":"Îngrijirea părului","slug":"1107-ingrijirea-parului"},{"code":"110704","name":"Șampon","slug":"110704-sampon"},{"code":"100091502","name":"Șampon Menthol Fresh pentru păr normal 900ml","slug":"100091502-head-shoulders-sampon-menthol-fresh-pentru-par-normal-900ml"}],"activePromotion":null,"saveMe":null,"labels":[{"type":"gdeals","items":[{"text":"","backgroundColor":"","textColor":""}]},{"type":"v3","items":[{"text":"-20% cu Genius","backgroundColor":"#FEF3FA","textColor":"#CD015F"}]}],"geniusPrice":51.92,"geniusUnitPricePerLabel":"57,69 Lei/l","banner":null,"discountLabel":null,"geniusDiscountLabel":"Economisești 20%","badge":null},{"code":"100092020","variantCode":"100092020","name":"Șampon pentru păr Biology Cleanse & Reconstruct 250ml ","slug":"100092020-pantene-sampon-pentru-par-biology-cleanse-reconstruct-250ml","unitPriceLabel":"91,96 Lei/l","brand":"Pantene","brandCode":"670","brandFilterCode":"pantene-b671","sku":"100092020","price":22.99,"originalPrice":29.9,"currencyCode":"RON","currency":"Lei","image":{"thumbnail":{"default":"https://cdn.freshful.ro/media/cache/sylius_shop_product_thumbnail/b4/5d/3c9db1aa68f436240ef4a8563d8b.jpg"},"large":{"default":"https://cdn.freshful.ro/media/cache/freshful_large/b4/5d/3c9db1aa68f436240ef4a8563d8b.jpg"},"extralarge":{"default":"https://cdn.freshful.ro/media/cache/sylius_shop_product_original/b4/5d/3c9db1aa68f436240ef4a8563d8b.jpg"}},"label":{"text":"-23%","backgroundColor":"#FF9903","textColor":"#FFFFFF"},"tags":[],"isAvailable":true,"maxAvailableQuantity":17,"maxAllowedQuantity":100,"breadcrumbs":[{"code":"11","name":"Cosmetice","slug":"11-cosmetice-si-ingrijire-personala"},{"code":"1107","name":"Îngrijirea părului","slug":"1107-ingrijirea-parului"},{"code":"110704","name":"Șampon","slug":"110704-sampon"},{"code":"100092020","name":"Șampon pentru păr Biology Cleanse & Reconstruct 250ml ","slug":"100092020-pantene-sampon-pentru-par-biology-cleanse-reconstruct-250ml"}],"activePromotion":{"code":"oferte-dph-21feb-8mar23","name":"Preț redus","targetQuantity":null},"saveMe":null,"labels":[{"type":"v1","items":[{"text":"-23%","backgroundColor":"#FF9903","textColor":"#FFFFFF"}]}],"geniusPrice":null,"geniusUnitPricePerLabel":null,"banner":{"text":"Super preț","textColor":"#FF0000","bgColor":"#FFF2EC","icon":null,"link":"https://www.freshful.ro/oferte/oferte-dph-21feb-8mar23","type":"promo","analyticsEventType":"select_promotion","analyticsEventPayload":{"promotion_id":"oferte-dph-21feb-8mar23","promotion_name":"Curățenie și îngrijire personală"}},"discountLabel":"Economisești 23%","geniusDiscountLabel":null,"badge":null},{"code":"100062113","variantCode":"100062113","name":"Șampon pentru bărbați Classic 400ml","slug":"100062113-clear-sampon-pentru-barbati-classic-400ml","unitPriceLabel":"69,98 Lei/l","brand":"Clear","brandCode":"768","brandFilterCode":"clear-b769","sku":"100062113","price":27.99,"originalPrice":32.59,"currencyCode":"RON","currency":"Lei","image":{"thumbnail":{"default":"https://cdn.freshful.ro/media/cache/sylius_shop_product_thumbnail/bb/a4/370c354d44784292ae00c601d4b4.jpg"},"large":{"default":"https://cdn.freshful.ro/media/cache/freshful_large/bb/a4/370c354d44784292ae00c601d4b4.jpg"},"extralarge":{"default":"https://cdn.freshful.ro/media/cache/sylius_shop_product_original/bb/a4/370c354d44784292ae00c601d4b4.jpg"}},"label":{"text":"-14%","backgroundColor":"#FF9903","textColor":"#FFFFFF"},"tags":[],"isAvailable":true,"maxAvailableQuantity":28,"maxAllowedQuantity":100,"breadcrumbs":[{"code":"11","name":"Cosmetice","slug":"11-cosmetice-si-ingrijire-personala"},{"code":"1107","name":"Îngrijirea părului","slug":"1107-ingrijirea-parului"},{"code":"110704","name":"Șampon","slug":"110704-sampon"},{"code":"100062113","name":"Șampon pentru bărbați Classic 400ml","slug":"100062113-clear-sampon-pentru-barbati-classic-400ml"}],"activePromotion":{"code":"oferte-dph-21feb-8mar23","name":"Preț redus","targetQuantity":null},"saveMe":null,"labels":[{"type":"v1","items":[{"text":"-14%","backgroundColor":"#FF9903","textColor":"#FFFFFF"}]}],"geniusPrice":null,"geniusUnitPricePerLabel":null,"banner":{"text":"Super preț","textColor":"#FF0000","bgColor":"#FFF2EC","icon":null,"link":"https://www.freshful.ro/oferte/oferte-dph-21feb-8mar23","type":"promo","analyticsEventType":"select_promotion","analyticsEventPayload":{"promotion_id":"oferte-dph-21feb-8mar23","promotion_name":"Curățenie și îngrijire personală"}},"discountLabel":"Economisești 14%","geniusDiscountLabel":null,"badge":null},{"code":"100141865","variantCode":"100141865","name":"Spray pentru volum Stylist 200ml","slug":"100141865-batiste-spray-pentru-volum-stylist-200ml","unitPriceLabel":"102,55 Lei/l","brand":"Batiste","brandCode":"556","brandFilterCode":"batiste-b557","sku":"100141865","price":20.51,"originalPrice":null,"currencyCode":"RON","currency":"Lei","image":{"thumbnail":{"default":"https://cdn.freshful.ro/media/cache/sylius_shop_product_thumbnail/dc/12/d7fa266407055419d7a0fc9540cc.jpg"},"large":{"default":"https://cdn.freshful.ro/media/cache/freshful_large/dc/12/d7fa266407055419d7a0fc9540cc.jpg"},"extralarge":{"default":"https://cdn.freshful.ro/media/cache/sylius_shop_product_original/dc/12/d7fa266407055419d7a0fc9540cc.jpg"}},"label":{"text":"Profită acum","backgroundColor":"#FF9903","textColor":"#FFFFFF"},"tags":[],"isAvailable":true,"maxAvailableQuantity":59,"maxAllowedQuantity":100,"breadcrumbs":[{"code":"11","name":"Cosmetice","slug":"11-cosmetice-si-ingrijire-personala"},{"code":"1107","name":"Îngrijirea părului","slug":"1107-ingrijirea-parului"},{"code":"110704","name":"Șampon","slug":"110704-sampon"},{"code":"100141865","name":"Spray pentru volum Stylist 200ml","slug":"100141865-batiste-spray-pentru-volum-stylist-200ml"}],"activePromotion":{"code":"freshful-top-deals-2023","name":"Preț avantajos","targetQuantity":null},"saveMe":null,"labels":[{"type":"v1","items":[{"text":"Profită acum","backgroundColor":"#FF9903","textColor":"#FFFFFF"}]}],"geniusPrice":null,"geniusUnitPricePerLabel":null,"banner":{"text":"Preț avantajos","textColor":"#F95510","bgColor":"#FEF1CD","icon":null,"link":"https://www.freshful.ro/oferte/freshful-top-deals-2023","type":"promo","analyticsEventType":"select_promotion","analyticsEventPayload":{"promotion_id":"freshful-top-deals-2023","promotion_name":"Profită de Top Deals"}},"discountLabel":null,"geniusDiscountLabel":null,"badge":null},{"code":"100091558","variantCode":"100091558","name":"Șampon men Ultra împotriva căderii părului 360ml","slug":"100091558-head-shoulders-sampon-men-ultra-impotriva-caderii-parului-360ml","unitPriceLabel":"91,64 Lei/l","brand":"Head & Shoulders","brandCode":"663","brandFilterCode":"head-shoulders-b664","sku":"100091558","price":32.99,"originalPrice":35.99,"currencyCode":"RON","currency":"Lei","image":{"thumbnail":{"default":"https://cdn.freshful.ro/media/cache/sylius_shop_product_thumbnail/47/c4/83315d9fc7e46d393c622cd5c345.jpg"},"large":{"default":"https://cdn.freshful.ro/media/cache/freshful_large/47/c4/83315d9fc7e46d393c622cd5c345.jpg"},"extralarge":{"default":"https://cdn.freshful.ro/media/cache/sylius_shop_product_original/47/c4/83315d9fc7e46d393c622cd5c345.jpg"}},"label":{"text":"-8%","backgroundColor":"#FF9903","textColor":"#FFFFFF"},"tags":[],"isAvailable":true,"maxAvailableQuantity":21,"maxAllowedQuantity":100,"breadcrumbs":[{"code":"11","name":"Cosmetice","slug":"11-cosmetice-si-ingrijire-personala"},{"code":"1107","name":"Îngrijirea părului","slug":"1107-ingrijirea-parului"},{"code":"110704","name":"Șampon","slug":"110704-sampon"},{"code":"100091558","name":"Șampon men Ultra împotriva căderii părului 360ml","slug":"100091558-head-shoulders-sampon-men-ultra-impotriva-caderii-parului-360ml"}],"activePromotion":{"code":"oferte-dph-21feb-8mar23","name":"Preț redus","targetQuantity":null},"saveMe":null,"labels":[{"type":"v1","items":[{"text":"-8%","backgroundColor":"#FF9903","textColor":"#FFFFFF"}]}],"geniusPrice":null,"geniusUnitPricePerLabel":null,"banner":{"text":"Super preț","textColor":"#FF0000","bgColor":"#FFF2EC","icon":null,"link":"https://www.freshful.ro/oferte/oferte-dph-21feb-8mar23","type":"promo","analyticsEventType":"select_promotion","analyticsEventPayload":{"promotion_id":"oferte-dph-21feb-8mar23","promotion_name":"Curățenie și îngrijire personală"}},"discountLabel":"Economisești 8%","geniusDiscountLabel":null,"badge":null},{"code":"100115519","variantCode":"3600523086344","name":"Spray bi-fazic pentru păr deteriorat Total Repair 5 Double Elixir 200ml","slug":"100115519-elseve-spray-bi-fazic-pentru-par-deteriorat-total-repair-5-double-elixir-200ml","unitPriceLabel":"114,95 Lei/l","brand":"Elseve","brandCode":"1985","brandFilterCode":"elseve-b1989","sku":"100115519","price":22.99,"originalPrice":26.79,"currencyCode":"RON","currency":"Lei","image":{"thumbnail":{"default":"https://cdn.freshful.ro/media/cache/sylius_shop_product_thumbnail/42/f4/c6663f94c1d3429f8aeb24175f1b.jpg"},"large":{"default":"https://cdn.freshful.ro/media/cache/freshful_large/42/f4/c6663f94c1d3429f8aeb24175f1b.jpg"},"extralarge":{"default":"https://cdn.freshful.ro/media/cache/sylius_shop_product_original/42/f4/c6663f94c1d3429f8aeb24175f1b.jpg"}},"label":{"text":"-14%","backgroundColor":"#FF9903","textColor":"#FFFFFF"},"tags":[],"isAvailable":true,"maxAvailableQuantity":14,"maxAllowedQuantity":100,"breadcrumbs":[{"code":"11","name":"Cosmetice","slug":"11-cosmetice-si-ingrijire-personala"},{"code":"1107","name":"Îngrijirea părului","slug":"1107-ingrijirea-parului"},{"code":"110707","name":"Tratamente capilare","slug":"110707-tratament-capilar"},{"code":"100115519","name":"Spray bi-fazic pentru păr deteriorat Total Repair 5 Double Elixir 200ml","slug":"100115519-elseve-spray-bi-fazic-pentru-par-deteriorat-total-repair-5-double-elixir-200ml"}],"activePromotion":{"code":"oferte-dph-21feb-8mar23","name":"Preț redus","targetQuantity":null},"saveMe":null,"labels":[{"type":"v1","items":[{"text":"-14%","backgroundColor":"#FF9903","textColor":"#FFFFFF"}]}],"geniusPrice":null,"geniusUnitPricePerLabel":null,"banner":{"text":"Super preț","textColor":"#FF0000","bgColor":"#FFF2EC","icon":null,"link":"https://www.freshful.ro/oferte/oferte-dph-21feb-8mar23","type":"promo","analyticsEventType":"select_promotion","analyticsEventPayload":{"promotion_id":"oferte-dph-21feb-8mar23","promotion_name":"Curățenie și îngrijire personală"}},"discountLabel":"Economisești 14%","geniusDiscountLabel":null,"badge":null},{"code":"100109917","variantCode":"9000101201147","name":"Șampon Supreme Length 400ml","slug":"100109917-gliss-sampon-supreme-length-400ml","unitPriceLabel":"43,45 Lei/l","brand":"Gliss","brandCode":"1756","brandFilterCode":"gliss-b1760","sku":"100109917","price":17.99,"originalPrice":null,"currencyCode":"RON","currency":"Lei","image":{"thumbnail":{"default":"https://cdn.freshful.ro/media/cache/sylius_shop_product_thumbnail/61/5b/9ae7b0fc7fd5e83c655380c38fdb.jpg"},"large":{"default":"https://cdn.freshful.ro/media/cache/freshful_large/61/5b/9ae7b0fc7fd5e83c655380c38fdb.jpg"},"extralarge":{"default":"https://cdn.freshful.ro/media/cache/sylius_shop_product_original/61/5b/9ae7b0fc7fd5e83c655380c38fdb.jpg"}},"label":{"text":"Profită acum","backgroundColor":"#FF9903","textColor":"#FFFFFF"},"tags":[],"isAvailable":true,"maxAvailableQuantity":10,"maxAllowedQuantity":100,"breadcrumbs":[{"code":"11","name":"Cosmetice","slug":"11-cosmetice-si-ingrijire-personala"},{"code":"1107","name":"Îngrijirea părului","slug":"1107-ingrijirea-parului"},{"code":"110704","name":"Șampon","slug":"110704-sampon"},{"code":"100109917","name":"Șampon Supreme Length 400ml","slug":"100109917-gliss-sampon-supreme-length-400ml"}],"activePromotion":{"code":"special-colorare-styling-feb23","name":"Preț avantajos","targetQuantity":null},"saveMe":null,"labels":[{"type":"v1","items":[{"text":"Profită acum","backgroundColor":"#FF9903","textColor":"#FFFFFF"}]}],"geniusPrice":null,"geniusUnitPricePerLabel":null,"banner":{"text":"Preț avantajos","textColor":"#F95510","bgColor":"#FEF1CD","icon":null,"link":"https://www.freshful.ro/oferte/special-colorare-styling-feb23","type":"promo","analyticsEventType":"select_promotion","analyticsEventPayload":{"promotion_id":"special-colorare-styling-feb23","promotion_name":"Colorare și styling"}},"discountLabel":null,"geniusDiscountLabel":null,"badge":null},{"code":"100109910","variantCode":"100109910","name":"Șampon pentru păr vopsit Ultimate Color 400ml","slug":"100109910-gliss-sampon-pentru-par-vopsit-ultimate-color-400ml","unitPriceLabel":"43,45 Lei/l","brand":"Gliss","brandCode":"1756","brandFilterCode":"gliss-b1760","sku":"100109910","price":17.99,"originalPrice":null,"currencyCode":"RON","currency":"Lei","image":{"thumbnail":{"default":"https://cdn.freshful.ro/media/cache/sylius_shop_product_thumbnail/d7/3e/7844c9e2ded22343023f9b4065c1.jpg"},"large":{"default":"https://cdn.freshful.ro/media/cache/freshful_large/d7/3e/7844c9e2ded22343023f9b4065c1.jpg"},"extralarge":{"default":"https://cdn.freshful.ro/media/cache/sylius_shop_product_original/d7/3e/7844c9e2ded22343023f9b4065c1.jpg"}},"label":{"text":"Profită acum","backgroundColor":"#FF9903","textColor":"#FFFFFF"},"tags":[],"isAvailable":true,"maxAvailableQuantity":5,"maxAllowedQuantity":100,"breadcrumbs":[{"code":"11","name":"Cosmetice","slug":"11-cosmetice-si-ingrijire-personala"},{"code":"1107","name":"Îngrijirea părului","slug":"1107-ingrijirea-parului"},{"code":"110704","name":"Șampon","slug":"110704-sampon"},{"code":"100109910","name":"Șampon pentru păr vopsit Ultimate Color 400ml","slug":"100109910-gliss-sampon-pentru-par-vopsit-ultimate-color-400ml"}],"activePromotion":{"code":"special-colorare-styling-feb23","name":"Preț avantajos","targetQuantity":null},"saveMe":null,"labels":[{"type":"v1","items":[{"text":"Profită acum","backgroundColor":"#FF9903","textColor":"#FFFFFF"}]}],"geniusPrice":null,"geniusUnitPricePerLabel":null,"banner":{"text":"Preț avantajos","textColor":"#F95510","bgColor":"#FEF1CD","icon":null,"link":"https://www.freshful.ro/oferte/special-colorare-styling-feb23","type":"promo","analyticsEventType":"select_promotion","analyticsEventPayload":{"promotion_id":"special-colorare-styling-feb23","promotion_name":"Colorare și styling"}},"discountLabel":null,"geniusDiscountLabel":null,"badge":null},{"code":"100109893","variantCode":"9000100398572","name":"Balsam Oil Nutritive pentru păr uscat și deteriorat 200ml","slug":"100109893-gliss-balsam-oil-nutritive-pentru-par-uscat-si-deteriorat-200ml","unitPriceLabel":"64,95 Lei/l","brand":"Gliss","brandCode":"1756","brandFilterCode":"gliss-b1760","sku":"100109893","price":12.99,"originalPrice":null,"currencyCode":"RON","currency":"Lei","image":{"thumbnail":{"default":"https://cdn.freshful.ro/media/cache/sylius_shop_product_thumbnail/9a/42/ffdfcdd32660fa998105400778fe.jpg"},"large":{"default":"https://cdn.freshful.ro/media/cache/freshful_large/9a/42/ffdfcdd32660fa998105400778fe.jpg"},"extralarge":{"default":"https://cdn.freshful.ro/media/cache/sylius_shop_product_original/9a/42/ffdfcdd32660fa998105400778fe.jpg"}},"label":{"text":"Profită acum","backgroundColor":"#FF9903","textColor":"#FFFFFF"},"tags":[],"isAvailable":true,"maxAvailableQuantity":7,"maxAllowedQuantity":100,"breadcrumbs":[{"code":"11","name":"Cosmetice","slug":"11-cosmetice-si-ingrijire-personala"},{"code":"1107","name":"Îngrijirea părului","slug":"1107-ingrijirea-parului"},{"code":"110705","name":"Balsam","slug":"110705-balsam"},{"code":"100109893","name":"Balsam Oil Nutritive pentru păr uscat și deteriorat 200ml","slug":"100109893-gliss-balsam-oil-nutritive-pentru-par-uscat-si-deteriorat-200ml"}],"activePromotion":{"code":"special-colorare-styling-feb23","name":"Preț avantajos","targetQuantity":null},"saveMe":null,"labels":[{"type":"v1","items":[{"text":"Profită acum","backgroundColor":"#FF9903","textColor":"#FFFFFF"}]}],"geniusPrice":null,"geniusUnitPricePerLabel":null,"banner":{"text":"Preț avantajos","textColor":"#F95510","bgColor":"#FEF1CD","icon":null,"link":"https://www.freshful.ro/oferte/special-colorare-styling-feb23","type":"promo","analyticsEventType":"select_promotion","analyticsEventPayload":{"promotion_id":"special-colorare-styling-feb23","promotion_name":"Colorare și styling"}},"discountLabel":null,"geniusDiscountLabel":null,"badge":null}]},{"analyticsListId":"category-slot_1108-igienta-inima","analyticsListName":"Category Slot - Igienă intimă","type":"products_carousel","title":"Igienă intimă","link":{"title":"Mai multe","count":189,"url":"/c/11-cosmetice-si-ingrijire-personala/1108-igienta-inima"},"products":[{"code":"100091470","variantCode":"100091470","name":"Absorbante Cotton protection ultra normal 22 buc","slug":"100091470-always-absorbante-cotton-protection-ultra-normal-22-buc","unitPriceLabel":"","brand":"Always","brandCode":"669","brandFilterCode":"always-b670","sku":"100091470","price":22.99,"originalPrice":26.5,"currencyCode":"RON","currency":"Lei","image":{"thumbnail":{"default":"https://cdn.freshful.ro/media/cache/sylius_shop_product_thumbnail/30/a5/41ddb22f96f5a5d13032bc235a57.jpg"},"large":{"default":"https://cdn.freshful.ro/media/cache/freshful_large/30/a5/41ddb22f96f5a5d13032bc235a57.jpg"},"extralarge":{"default":"https://cdn.freshful.ro/media/cache/sylius_shop_product_original/30/a5/41ddb22f96f5a5d13032bc235a57.jpg"}},"label":{"text":"-13%","backgroundColor":"#FF9903","textColor":"#FFFFFF"},"tags":[],"isAvailable":true,"maxAvailableQuantity":100,"maxAllowedQuantity":100,"breadcrumbs":[{"code":"11","name":"Cosmetice","slug":"11-cosmetice-si-ingrijire-personala"},{"code":"1108","name":"Igienă intimă","slug":"1108-igienta-inima"},{"code":"110802","name":"Igienă feminină","slug":"110802-igiena-feminina"},{"code":"100091470","name":"Absorbante Cotton protection ultra normal 22 buc","slug":"100091470-always-absorbante-cotton-protection-ultra-normal-22-buc"}],"activePromotion":{"code":"oferte-dph-21feb-8mar23","name":"Preț redus","targetQuantity":null},"saveMe":null,"labels":[{"type":"v1","items":[{"text":"-13%","backgroundColor":"#FF9903","textColor":"#FFFFFF"}]}],"geniusPrice":null,"geniusUnitPricePerLabel":null,"banner":{"text":"Super preț","textColor":"#FF0000","bgColor":"#FFF2EC","icon":null,"link":"https://www.freshful.ro/oferte/oferte-dph-21feb-8mar23","type":"promo","analyticsEventType":"select_promotion","analyticsEventPayload":{"promotion_id":"oferte-dph-21feb-8mar23","promotion_name":"Curățenie și îngrijire personală"}},"discountLabel":"Economisești 13%","geniusDiscountLabel":null,"badge":null},{"code":"100118771","variantCode":"100118771","name":"Absorbante zilice Fresh & Protect Normal 60 buc","slug":"100118771-always-absorbante-zilice-fresh-protect-normal-60-buc","unitPriceLabel":"","brand":"Always","brandCode":"669","brandFilterCode":"always-b670","sku":"100118771","price":17.99,"originalPrice":32.69,"currencyCode":"RON","currency":"Lei","image":{"thumbnail":{"default":"https://cdn.freshful.ro/media/cache/sylius_shop_product_thumbnail/97/25/97fe03432750949ca9bb393e1e0b.jpg"},"large":{"default":"https://cdn.freshful.ro/media/cache/freshful_large/97/25/97fe03432750949ca9bb393e1e0b.jpg"},"extralarge":{"default":"https://cdn.freshful.ro/media/cache/sylius_shop_product_original/97/25/97fe03432750949ca9bb393e1e0b.jpg"}},"label":{"text":"-44%","backgroundColor":"#FF9903","textColor":"#FFFFFF"},"tags":[],"isAvailable":true,"maxAvailableQuantity":66,"maxAllowedQuantity":100,"breadcrumbs":[{"code":"11","name":"Cosmetice","slug":"11-cosmetice-si-ingrijire-personala"},{"code":"1108","name":"Igienă intimă","slug":"1108-igienta-inima"},{"code":"110802","name":"Igienă feminină","slug":"110802-igiena-feminina"},{"code":"100118771","name":"Absorbante zilice Fresh & Protect Normal 60 buc","slug":"100118771-always-absorbante-zilice-fresh-protect-normal-60-buc"}],"activePromotion":{"code":"oferte-dph-21feb-8mar23","name":"Preț redus","targetQuantity":null},"saveMe":null,"labels":[{"type":"v1","items":[{"text":"-44%","backgroundColor":"#FF9903","textColor":"#FFFFFF"}]}],"geniusPrice":null,"geniusUnitPricePerLabel":null,"banner":{"text":"Super preț","textColor":"#FF0000","bgColor":"#FFF2EC","icon":null,"link":"https://www.freshful.ro/oferte/oferte-dph-21feb-8mar23","type":"promo","analyticsEventType":"select_promotion","analyticsEventPayload":{"promotion_id":"oferte-dph-21feb-8mar23","promotion_name":"Curățenie și îngrijire personală"}},"discountLabel":"Economisești 44%","geniusDiscountLabel":null,"badge":null},{"code":"100091466","variantCode":"100091466","name":"Absorbante Platinum super 14 buc","slug":"100091466-always-absorbante-platinum-super-14-buc","unitPriceLabel":"","brand":"Always","brandCode":"669","brandFilterCode":"always-b670","sku":"100091466","price":16.99,"originalPrice":null,"currencyCode":"RON","currency":"Lei","image":{"thumbnail":{"default":"https://cdn.freshful.ro/media/cache/sylius_shop_product_thumbnail/e1/a7/12633030cb8d5cf44525ea82b90d.jpg"},"large":{"default":"https://cdn.freshful.ro/media/cache/freshful_large/e1/a7/12633030cb8d5cf44525ea82b90d.jpg"},"extralarge":{"default":"https://cdn.freshful.ro/media/cache/sylius_shop_product_original/e1/a7/12633030cb8d5cf44525ea82b90d.jpg"}},"label":{"text":"Profită acum","backgroundColor":"#FF9903","textColor":"#FFFFFF"},"tags":[],"isAvailable":true,"maxAvailableQuantity":55,"maxAllowedQuantity":100,"breadcrumbs":[{"code":"11","name":"Cosmetice","slug":"11-cosmetice-si-ingrijire-personala"},{"code":"1108","name":"Igienă intimă","slug":"1108-igienta-inima"},{"code":"110802","name":"Igienă feminină","slug":"110802-igiena-feminina"},{"code":"100091466","name":"Absorbante Platinum super 14 buc","slug":"100091466-always-absorbante-platinum-super-14-buc"}],"activePromotion":{"code":"oferte-dph-21feb-8mar23","name":"Preț avantajos","targetQuantity":null},"saveMe":null,"labels":[{"type":"v1","items":[{"text":"Profită acum","backgroundColor":"#FF9903","textColor":"#FFFFFF"}]}],"geniusPrice":null,"geniusUnitPricePerLabel":null,"banner":{"text":"Preț avantajos","textColor":"#F95510","bgColor":"#FEF1CD","icon":null,"link":"https://www.freshful.ro/oferte/oferte-dph-21feb-8mar23","type":"promo","analyticsEventType":"select_promotion","analyticsEventPayload":{"promotion_id":"oferte-dph-21feb-8mar23","promotion_name":"Curățenie și îngrijire personală"}},"discountLabel":null,"geniusDiscountLabel":null,"badge":null},{"code":"100091582","variantCode":"100091582","name":"Absorbante zilnice Spring breeze 100 buc","slug":"100091582-discreet-absorbante-zilnice-spring-breeze-100-buc","unitPriceLabel":"","brand":"Discreet","brandCode":"668","brandFilterCode":"discreet-b669","sku":"100091582","price":21.99,"originalPrice":null,"currencyCode":"RON","currency":"Lei","image":{"thumbnail":{"default":"https://cdn.freshful.ro/media/cache/sylius_shop_product_thumbnail/a3/79/054e32fe1d08bb77865cab85625f.jpg"},"large":{"default":"https://cdn.freshful.ro/media/cache/freshful_large/a3/79/054e32fe1d08bb77865cab85625f.jpg"},"extralarge":{"default":"https://cdn.freshful.ro/media/cache/sylius_shop_product_original/a3/79/054e32fe1d08bb77865cab85625f.jpg"}},"label":{"text":"Profită acum","backgroundColor":"#FF9903","textColor":"#FFFFFF"},"tags":[],"isAvailable":true,"maxAvailableQuantity":27,"maxAllowedQuantity":100,"breadcrumbs":[{"code":"11","name":"Cosmetice","slug":"11-cosmetice-si-ingrijire-personala"},{"code":"1108","name":"Igienă intimă","slug":"1108-igienta-inima"},{"code":"110802","name":"Igienă feminină","slug":"110802-igiena-feminina"},{"code":"100091582","name":"Absorbante zilnice Spring breeze 100 buc","slug":"100091582-discreet-absorbante-zilnice-spring-breeze-100-buc"}],"activePromotion":{"code":"oferte-dph-21feb-8mar23","name":"Preț avantajos","targetQuantity":null},"saveMe":null,"labels":[{"type":"v1","items":[{"text":"Profită acum","backgroundColor":"#FF9903","textColor":"#FFFFFF"}]}],"geniusPrice":null,"geniusUnitPricePerLabel":null,"banner":{"text":"Preț avantajos","textColor":"#F95510","bgColor":"#FEF1CD","icon":null,"link":"https://www.freshful.ro/oferte/oferte-dph-21feb-8mar23","type":"promo","analyticsEventType":"select_promotion","analyticsEventPayload":{"promotion_id":"oferte-dph-21feb-8mar23","promotion_name":"Curățenie și îngrijire personală"}},"discountLabel":null,"geniusDiscountLabel":null,"badge":null},{"code":"100118766","variantCode":"100118766","name":"Tampoane interne Regular 16 buc","slug":"100118766-tampax-tampoane-interne-regular-16-buc","unitPriceLabel":"","brand":"Tampax","brandCode":"2484","brandFilterCode":"tampax-b2488","sku":"100118766","price":14.99,"originalPrice":15.9,"currencyCode":"RON","currency":"Lei","image":{"thumbnail":{"default":"https://cdn.freshful.ro/media/cache/sylius_shop_product_thumbnail/d4/75/7a863d6d5aedb82782c013aa7f39.jpg"},"large":{"default":"https://cdn.freshful.ro/media/cache/freshful_large/d4/75/7a863d6d5aedb82782c013aa7f39.jpg"},"extralarge":{"default":"https://cdn.freshful.ro/media/cache/sylius_shop_product_original/d4/75/7a863d6d5aedb82782c013aa7f39.jpg"}},"label":{"text":"-5%","backgroundColor":"#FF9903","textColor":"#FFFFFF"},"tags":[],"isAvailable":true,"maxAvailableQuantity":35,"maxAllowedQuantity":100,"breadcrumbs":[{"code":"11","name":"Cosmetice","slug":"11-cosmetice-si-ingrijire-personala"},{"code":"1108","name":"Igienă intimă","slug":"1108-igienta-inima"},{"code":"110802","name":"Igienă feminină","slug":"110802-igiena-feminina"},{"code":"100118766","name":"Tampoane interne Regular 16 buc","slug":"100118766-tampax-tampoane-interne-regular-16-buc"}],"activePromotion":{"code":"oferte-dph-21feb-8mar23","name":"Preț redus","targetQuantity":null},"saveMe":null,"labels":[{"type":"v1","items":[{"text":"-5%","backgroundColor":"#FF9903","textColor":"#FFFFFF"}]}],"geniusPrice":null,"geniusUnitPricePerLabel":null,"banner":{"text":"Super preț","textColor":"#FF0000","bgColor":"#FFF2EC","icon":null,"link":"https://www.freshful.ro/oferte/oferte-dph-21feb-8mar23","type":"promo","analyticsEventType":"select_promotion","analyticsEventPayload":{"promotion_id":"oferte-dph-21feb-8mar23","promotion_name":"Curățenie și îngrijire personală"}},"discountLabel":"Economisești 5%","geniusDiscountLabel":null,"badge":null},{"code":"100091581","variantCode":"100091581","name":"Absorbante zilnice Waterlilly 100 buc","slug":"100091581-discreet-absorbante-zilnice-waterlilly-100-buc","unitPriceLabel":"","brand":"Discreet","brandCode":"668","brandFilterCode":"discreet-b669","sku":"100091581","price":24.99,"originalPrice":null,"currencyCode":"RON","currency":"Lei","image":{"thumbnail":{"default":"https://cdn.freshful.ro/media/cache/sylius_shop_product_thumbnail/f5/85/17b2990d6edd8be42e091d697acd.jpg"},"large":{"default":"https://cdn.freshful.ro/media/cache/freshful_large/f5/85/17b2990d6edd8be42e091d697acd.jpg"},"extralarge":{"default":"https://cdn.freshful.ro/media/cache/sylius_shop_product_original/f5/85/17b2990d6edd8be42e091d697acd.jpg"}},"label":null,"tags":[],"isAvailable":true,"maxAvailableQuantity":100,"maxAllowedQuantity":100,"breadcrumbs":[{"code":"11","name":"Cosmetice","slug":"11-cosmetice-si-ingrijire-personala"},{"code":"1108","name":"Igienă intimă","slug":"1108-igienta-inima"},{"code":"110802","name":"Igienă feminină","slug":"110802-igiena-feminina"},{"code":"100091581","name":"Absorbante zilnice Waterlilly 100 buc","slug":"100091581-discreet-absorbante-zilnice-waterlilly-100-buc"}],"activePromotion":null,"saveMe":null,"labels":[],"geniusPrice":null,"geniusUnitPricePerLabel":null,"banner":null,"discountLabel":null,"geniusDiscountLabel":null,"badge":null},{"code":"100091454","variantCode":"100091454","name":"Absorbante Ultra normal 20 buc","slug":"100091454-always-absorbante-ultra-normal-20-buc","unitPriceLabel":"","brand":"Always","brandCode":"669","brandFilterCode":"always-b670","sku":"100091454","price":18.9,"originalPrice":null,"currencyCode":"RON","currency":"Lei","image":{"thumbnail":{"default":"https://cdn.freshful.ro/media/cache/sylius_shop_product_thumbnail/79/6b/10271f5ea7ecb3a413e0be652438.jpg"},"large":{"default":"https://cdn.freshful.ro/media/cache/freshful_large/79/6b/10271f5ea7ecb3a413e0be652438.jpg"},"extralarge":{"default":"https://cdn.freshful.ro/media/cache/sylius_shop_product_original/79/6b/10271f5ea7ecb3a413e0be652438.jpg"}},"label":null,"tags":[],"isAvailable":true,"maxAvailableQuantity":100,"maxAllowedQuantity":100,"breadcrumbs":[{"code":"11","name":"Cosmetice","slug":"11-cosmetice-si-ingrijire-personala"},{"code":"1108","name":"Igienă intimă","slug":"1108-igienta-inima"},{"code":"110802","name":"Igienă feminină","slug":"110802-igiena-feminina"},{"code":"100091454","name":"Absorbante Ultra normal 20 buc","slug":"100091454-always-absorbante-ultra-normal-20-buc"}],"activePromotion":null,"saveMe":null,"labels":[],"geniusPrice":null,"geniusUnitPricePerLabel":null,"banner":null,"discountLabel":null,"geniusDiscountLabel":null,"badge":null},{"code":"100091472","variantCode":"100091472","name":"Absorbante Cotton protection ultra normal 12 buc","slug":"100091472-always-absorbante-cotton-protection-ultra-normal-12-buc","unitPriceLabel":"","brand":"Always","brandCode":"669","brandFilterCode":"always-b670","sku":"100091472","price":16.5,"originalPrice":null,"currencyCode":"RON","currency":"Lei","image":{"thumbnail":{"default":"https://cdn.freshful.ro/media/cache/sylius_shop_product_thumbnail/de/e0/50d19902bbfc33f88a4bf616675f.jpg"},"large":{"default":"https://cdn.freshful.ro/media/cache/freshful_large/de/e0/50d19902bbfc33f88a4bf616675f.jpg"},"extralarge":{"default":"https://cdn.freshful.ro/media/cache/sylius_shop_product_original/de/e0/50d19902bbfc33f88a4bf616675f.jpg"}},"label":null,"tags":[],"isAvailable":true,"maxAvailableQuantity":100,"maxAllowedQuantity":100,"breadcrumbs":[{"code":"11","name":"Cosmetice","slug":"11-cosmetice-si-ingrijire-personala"},{"code":"1108","name":"Igienă intimă","slug":"1108-igienta-inima"},{"code":"110802","name":"Igienă feminină","slug":"110802-igiena-feminina"},{"code":"100091472","name":"Absorbante Cotton protection ultra normal 12 buc","slug":"100091472-always-absorbante-cotton-protection-ultra-normal-12-buc"}],"activePromotion":null,"saveMe":null,"labels":[],"geniusPrice":null,"geniusUnitPricePerLabel":null,"banner":null,"discountLabel":null,"geniusDiscountLabel":null,"badge":null},{"code":"100091467","variantCode":"100091467","name":"Absorbante Platinum night 12 buc","slug":"100091467-always-absorbante-platinum-night-12-buc","unitPriceLabel":"","brand":"Always","brandCode":"669","brandFilterCode":"always-b670","sku":"100091467","price":18.9,"originalPrice":null,"currencyCode":"RON","currency":"Lei","image":{"thumbnail":{"default":"https://cdn.freshful.ro/media/cache/sylius_shop_product_thumbnail/b9/0b/950110aa939dc6d50156bb9c1ea2.jpg"},"large":{"default":"https://cdn.freshful.ro/media/cache/freshful_large/b9/0b/950110aa939dc6d50156bb9c1ea2.jpg"},"extralarge":{"default":"https://cdn.freshful.ro/media/cache/sylius_shop_product_original/b9/0b/950110aa939dc6d50156bb9c1ea2.jpg"}},"label":null,"tags":[],"isAvailable":true,"maxAvailableQuantity":100,"maxAllowedQuantity":100,"breadcrumbs":[{"code":"11","name":"Cosmetice","slug":"11-cosmetice-si-ingrijire-personala"},{"code":"1108","name":"Igienă intimă","slug":"1108-igienta-inima"},{"code":"110802","name":"Igienă feminină","slug":"110802-igiena-feminina"},{"code":"100091467","name":"Absorbante Platinum night 12 buc","slug":"100091467-always-absorbante-platinum-night-12-buc"}],"activePromotion":null,"saveMe":null,"labels":[],"geniusPrice":null,"geniusUnitPricePerLabel":null,"banner":null,"discountLabel":null,"geniusDiscountLabel":null,"badge":null},{"code":"100086100","variantCode":"100086100","name":"Tampoane ProComfort normal 16 buc","slug":"100086100-ob-tampoane-procomfort-normal-16-buc","unitPriceLabel":"","brand":"OB","brandCode":"549","brandFilterCode":"ob-b550","sku":"100086100","price":12.5,"originalPrice":null,"currencyCode":"RON","currency":"Lei","image":{"thumbnail":{"default":"https://cdn.freshful.ro/media/cache/sylius_shop_product_thumbnail/66/67/25f5fd7a68d24556ae30400f152b.jpg"},"large":{"default":"https://cdn.freshful.ro/media/cache/freshful_large/66/67/25f5fd7a68d24556ae30400f152b.jpg"},"extralarge":{"default":"https://cdn.freshful.ro/media/cache/sylius_shop_product_original/66/67/25f5fd7a68d24556ae30400f152b.jpg"}},"label":null,"tags":[],"isAvailable":true,"maxAvailableQuantity":100,"maxAllowedQuantity":100,"breadcrumbs":[{"code":"11","name":"Cosmetice","slug":"11-cosmetice-si-ingrijire-personala"},{"code":"1108","name":"Igienă intimă","slug":"1108-igienta-inima"},{"code":"110802","name":"Igienă feminină","slug":"110802-igiena-feminina"},{"code":"100086100","name":"Tampoane ProComfort normal 16 buc","slug":"100086100-ob-tampoane-procomfort-normal-16-buc"}],"activePromotion":null,"saveMe":null,"labels":[],"geniusPrice":null,"geniusUnitPricePerLabel":null,"banner":null,"discountLabel":null,"geniusDiscountLabel":null,"badge":null}]},{"analyticsListId":"category-slot_1109-igiena-dentara","analyticsListName":"Category Slot - Igienă dentară","type":"products_carousel","title":"Igienă dentară","link":{"title":"Mai multe","count":273,"url":"/c/11-cosmetice-si-ingrijire-personala/1109-igiena-dentara"},"products":[{"code":"100035993","variantCode":"100035993","name":"Pastă de dinți pentru albire Advanced White Charcoal 100ml","slug":"100035993-colgate-pasta-de-dinti-pentru-albire-advanced-white-charcoal-100ml","unitPriceLabel":"119,9 Lei/l","brand":"Colgate","brandCode":"329","brandFilterCode":"colgate-b330","sku":"100035993","price":11.99,"originalPrice":null,"currencyCode":"RON","currency":"Lei","image":{"thumbnail":{"default":"https://cdn.freshful.ro/media/cache/sylius_shop_product_thumbnail/6a/6a/0ee093f3001c866f8cf9ee4c7aeb.jpg"},"large":{"default":"https://cdn.freshful.ro/media/cache/freshful_large/6a/6a/0ee093f3001c866f8cf9ee4c7aeb.jpg"},"extralarge":{"default":"https://cdn.freshful.ro/media/cache/sylius_shop_product_original/6a/6a/0ee093f3001c866f8cf9ee4c7aeb.jpg"}},"label":{"text":"Profită acum","backgroundColor":"#FF9903","textColor":"#FFFFFF"},"tags":[],"isAvailable":true,"maxAvailableQuantity":100,"maxAllowedQuantity":100,"breadcrumbs":[{"code":"11","name":"Cosmetice","slug":"11-cosmetice-si-ingrijire-personala"},{"code":"1109","name":"Igienă dentară","slug":"1109-igiena-dentara"},{"code":"110901","name":"Pastă de dinți","slug":"110901-pasta-de-dinti"},{"code":"100035993","name":"Pastă de dinți pentru albire Advanced White Charcoal 100ml","slug":"100035993-colgate-pasta-de-dinti-pentru-albire-advanced-white-charcoal-100ml"}],"activePromotion":{"code":"freshful-top-deals-2023","name":"Preț avantajos","targetQuantity":null},"saveMe":null,"labels":[{"type":"v1","items":[{"text":"Profită acum","backgroundColor":"#FF9903","textColor":"#FFFFFF"}]}],"geniusPrice":null,"geniusUnitPricePerLabel":null,"banner":{"text":"Preț avantajos","textColor":"#F95510","bgColor":"#FEF1CD","icon":null,"link":"https://www.freshful.ro/oferte/freshful-top-deals-2023","type":"promo","analyticsEventType":"select_promotion","analyticsEventPayload":{"promotion_id":"freshful-top-deals-2023","promotion_name":"Profită de Top Deals"}},"discountLabel":null,"geniusDiscountLabel":null,"badge":null},{"code":"100035991","variantCode":"100035991","name":"Apă de gură fără alcool Plax Cool Mint 500ml","slug":"100035991-colgate-apa-de-gura-fara-alcool-plax-cool-mint-500ml","unitPriceLabel":"35,78 Lei/l","brand":"Colgate","brandCode":"329","brandFilterCode":"colgate-b330","sku":"100035991","price":17.89,"originalPrice":22.9,"currencyCode":"RON","currency":"Lei","image":{"thumbnail":{"default":"https://cdn.freshful.ro/media/cache/sylius_shop_product_thumbnail/1a/3e/2ae75fbeddf7997a06e6a2b7040d.jpg"},"large":{"default":"https://cdn.freshful.ro/media/cache/freshful_large/1a/3e/2ae75fbeddf7997a06e6a2b7040d.jpg"},"extralarge":{"default":"https://cdn.freshful.ro/media/cache/sylius_shop_product_original/1a/3e/2ae75fbeddf7997a06e6a2b7040d.jpg"}},"label":{"text":"-21%","backgroundColor":"#FF9903","textColor":"#FFFFFF"},"tags":[],"isAvailable":true,"maxAvailableQuantity":54,"maxAllowedQuantity":100,"breadcrumbs":[{"code":"11","name":"Cosmetice","slug":"11-cosmetice-si-ingrijire-personala"},{"code":"1109","name":"Igienă dentară","slug":"1109-igiena-dentara"},{"code":"110903","name":"Întreținere dentară","slug":"110903-intretinere-dentara"},{"code":"100035991","name":"Apă de gură fără alcool Plax Cool Mint 500ml","slug":"100035991-colgate-apa-de-gura-fara-alcool-plax-cool-mint-500ml"}],"activePromotion":{"code":"oferte-dph-21feb-8mar23","name":"Preț redus","targetQuantity":null},"saveMe":null,"labels":[{"type":"v1","items":[{"text":"-21%","backgroundColor":"#FF9903","textColor":"#FFFFFF"}]}],"geniusPrice":null,"geniusUnitPricePerLabel":null,"banner":{"text":"Super preț","textColor":"#FF0000","bgColor":"#FFF2EC","icon":null,"link":"https://www.freshful.ro/oferte/oferte-dph-21feb-8mar23","type":"promo","analyticsEventType":"select_promotion","analyticsEventPayload":{"promotion_id":"oferte-dph-21feb-8mar23","promotion_name":"Curățenie și îngrijire personală"}},"discountLabel":"Economisești 21%","geniusDiscountLabel":null,"badge":null},{"code":"100086272","variantCode":"100086272","name":"Apă de gură pentru copii Smart Rinse 250ml","slug":"100086272-listerine-apa-de-gura-pentru-copii-smart-rinse-250ml","unitPriceLabel":"47,96 Lei/l","brand":"Listerine","brandCode":"559","brandFilterCode":"listerine-b560","sku":"100086272","price":11.99,"originalPrice":14.9,"currencyCode":"RON","currency":"Lei","image":{"thumbnail":{"default":"https://cdn.freshful.ro/media/cache/sylius_shop_product_thumbnail/4e/f0/b8eac5a223785a0e9fc78bc1acdb.jpg"},"large":{"default":"https://cdn.freshful.ro/media/cache/freshful_large/4e/f0/b8eac5a223785a0e9fc78bc1acdb.jpg"},"extralarge":{"default":"https://cdn.freshful.ro/media/cache/sylius_shop_product_original/4e/f0/b8eac5a223785a0e9fc78bc1acdb.jpg"}},"label":{"text":"-19%","backgroundColor":"#FF9903","textColor":"#FFFFFF"},"tags":[],"isAvailable":true,"maxAvailableQuantity":48,"maxAllowedQuantity":100,"breadcrumbs":[{"code":"11","name":"Cosmetice","slug":"11-cosmetice-si-ingrijire-personala"},{"code":"1109","name":"Igienă dentară","slug":"1109-igiena-dentara"},{"code":"110903","name":"Întreținere dentară","slug":"110903-intretinere-dentara"},{"code":"100086272","name":"Apă de gură pentru copii Smart Rinse 250ml","slug":"100086272-listerine-apa-de-gura-pentru-copii-smart-rinse-250ml"}],"activePromotion":{"code":"oferte-dph-21feb-8mar23","name":"Preț redus","targetQuantity":null},"saveMe":null,"labels":[{"type":"v1","items":[{"text":"-19%","backgroundColor":"#FF9903","textColor":"#FFFFFF"}]}],"geniusPrice":null,"geniusUnitPricePerLabel":null,"banner":{"text":"Super preț","textColor":"#FF0000","bgColor":"#FFF2EC","icon":null,"link":"https://www.freshful.ro/oferte/oferte-dph-21feb-8mar23","type":"promo","analyticsEventType":"select_promotion","analyticsEventPayload":{"promotion_id":"oferte-dph-21feb-8mar23","promotion_name":"Curățenie și îngrijire personală"}},"discountLabel":"Economisești 19%","geniusDiscountLabel":null,"badge":null},{"code":"100086270","variantCode":"100086270","name":"Apă de gură Total Care 500ml","slug":"100086270-listerine-apa-de-gura-total-care-500ml","unitPriceLabel":"43,98 Lei/l","brand":"Listerine","brandCode":"559","brandFilterCode":"listerine-b560","sku":"100086270","price":21.99,"originalPrice":23.5,"currencyCode":"RON","currency":"Lei","image":{"thumbnail":{"default":"https://cdn.freshful.ro/media/cache/sylius_shop_product_thumbnail/5b/39/a0f6498c4908e471fbc3e9e00fe8.jpg"},"large":{"default":"https://cdn.freshful.ro/media/cache/freshful_large/5b/39/a0f6498c4908e471fbc3e9e00fe8.jpg"},"extralarge":{"default":"https://cdn.freshful.ro/media/cache/sylius_shop_product_original/5b/39/a0f6498c4908e471fbc3e9e00fe8.jpg"}},"label":{"text":"-6%","backgroundColor":"#FF9903","textColor":"#FFFFFF"},"tags":[],"isAvailable":true,"maxAvailableQuantity":35,"maxAllowedQuantity":100,"breadcrumbs":[{"code":"11","name":"Cosmetice","slug":"11-cosmetice-si-ingrijire-personala"},{"code":"1109","name":"Igienă dentară","slug":"1109-igiena-dentara"},{"code":"110903","name":"Întreținere dentară","slug":"110903-intretinere-dentara"},{"code":"100086270","name":"Apă de gură Total Care 500ml","slug":"100086270-listerine-apa-de-gura-total-care-500ml"}],"activePromotion":{"code":"oferte-dph-21feb-8mar23","name":"Preț redus","targetQuantity":null},"saveMe":null,"labels":[{"type":"v1","items":[{"text":"-6%","backgroundColor":"#FF9903","textColor":"#FFFFFF"}]}],"geniusPrice":null,"geniusUnitPricePerLabel":null,"banner":{"text":"Super preț","textColor":"#FF0000","bgColor":"#FFF2EC","icon":null,"link":"https://www.freshful.ro/oferte/oferte-dph-21feb-8mar23","type":"promo","analyticsEventType":"select_promotion","analyticsEventPayload":{"promotion_id":"oferte-dph-21feb-8mar23","promotion_name":"Curățenie și îngrijire personală"}},"discountLabel":"Economisești 6%","geniusDiscountLabel":null,"badge":null},{"code":"100143833","variantCode":"100143833","name":"Apă de gură protecție pentru gingii 500ml ","slug":"100143833-listerine-apa-de-gura-protectie-pentru-gingii-500ml","unitPriceLabel":"47,58 Lei/l","brand":"Listerine","brandCode":"559","brandFilterCode":"listerine-b560","sku":"100143833","price":23.79,"originalPrice":null,"currencyCode":"RON","currency":"Lei","image":{"thumbnail":{"default":"https://cdn.freshful.ro/media/cache/sylius_shop_product_thumbnail/fd/cd/1134f79a323e7475b237aa000ee0.jpg"},"large":{"default":"https://cdn.freshful.ro/media/cache/freshful_large/fd/cd/1134f79a323e7475b237aa000ee0.jpg"},"extralarge":{"default":"https://cdn.freshful.ro/media/cache/sylius_shop_product_original/fd/cd/1134f79a323e7475b237aa000ee0.jpg"}},"label":{"text":"Profită acum","backgroundColor":"#FF9903","textColor":"#FFFFFF"},"tags":[{"type":"vegan","text":"Vegan","icon":"https://cdn.freshful.ro/assets/product_tags/vegan.svg","iconPng":"https://cdn.freshful.ro/assets/product_tags/vegan.png","backgroundColor":"#ECF9F8","textColor":"#33A39C"}],"isAvailable":true,"maxAvailableQuantity":16,"maxAllowedQuantity":100,"breadcrumbs":[{"code":"11","name":"Cosmetice","slug":"11-cosmetice-si-ingrijire-personala"},{"code":"1109","name":"Igienă dentară","slug":"1109-igiena-dentara"},{"code":"110903","name":"Întreținere dentară","slug":"110903-intretinere-dentara"},{"code":"100143833","name":"Apă de gură protecție pentru gingii 500ml ","slug":"100143833-listerine-apa-de-gura-protectie-pentru-gingii-500ml"}],"activePromotion":{"code":"freshful-top-deals-2023","name":"Preț avantajos","targetQuantity":null},"saveMe":null,"labels":[{"type":"v1","items":[{"text":"Profită acum","backgroundColor":"#FF9903","textColor":"#FFFFFF"}]}],"geniusPrice":null,"geniusUnitPricePerLabel":null,"banner":{"text":"Preț avantajos","textColor":"#F95510","bgColor":"#FEF1CD","icon":null,"link":"https://www.freshful.ro/oferte/freshful-top-deals-2023","type":"promo","analyticsEventType":"select_promotion","analyticsEventPayload":{"promotion_id":"freshful-top-deals-2023","promotion_name":"Profită de Top Deals"}},"discountLabel":null,"geniusDiscountLabel":null,"badge":null},{"code":"100091564","variantCode":"100091564","name":"Pastă de dinți Gum&Ennamel Repair Original 75ml","slug":"100091564-oral-b-pasta-de-dinti-gum-ennamel-repair-original-75ml","unitPriceLabel":"213,2 Lei/l","brand":"Oral-B","brandCode":"665","brandFilterCode":"oral-b-b666","sku":"100091564","price":15.99,"originalPrice":18.99,"currencyCode":"RON","currency":"Lei","image":{"thumbnail":{"default":"https://cdn.freshful.ro/media/cache/sylius_shop_product_thumbnail/56/58/113a122b02048fc58aeb15d83e51.jpg"},"large":{"default":"https://cdn.freshful.ro/media/cache/freshful_large/56/58/113a122b02048fc58aeb15d83e51.jpg"},"extralarge":{"default":"https://cdn.freshful.ro/media/cache/sylius_shop_product_original/56/58/113a122b02048fc58aeb15d83e51.jpg"}},"label":{"text":"-15%","backgroundColor":"#FF9903","textColor":"#FFFFFF"},"tags":[],"isAvailable":true,"maxAvailableQuantity":24,"maxAllowedQuantity":100,"breadcrumbs":[{"code":"11","name":"Cosmetice","slug":"11-cosmetice-si-ingrijire-personala"},{"code":"1109","name":"Igienă dentară","slug":"1109-igiena-dentara"},{"code":"110901","name":"Pastă de dinți","slug":"110901-pasta-de-dinti"},{"code":"100091564","name":"Pastă de dinți Gum&Ennamel Repair Original 75ml","slug":"100091564-oral-b-pasta-de-dinti-gum-ennamel-repair-original-75ml"}],"activePromotion":{"code":"oferte-dph-21feb-8mar23","name":"Preț redus","targetQuantity":null},"saveMe":null,"labels":[{"type":"v1","items":[{"text":"-15%","backgroundColor":"#FF9903","textColor":"#FFFFFF"}]}],"geniusPrice":null,"geniusUnitPricePerLabel":null,"banner":{"text":"Super preț","textColor":"#FF0000","bgColor":"#FFF2EC","icon":null,"link":"https://www.freshful.ro/oferte/oferte-dph-21feb-8mar23","type":"promo","analyticsEventType":"select_promotion","analyticsEventPayload":{"promotion_id":"oferte-dph-21feb-8mar23","promotion_name":"Curățenie și îngrijire personală"}},"discountLabel":"Economisești 15%","geniusDiscountLabel":null,"badge":null},{"code":"100086271","variantCode":"100086271","name":"Apă de gură Total Care 500ml","slug":"100086271-listerine-apa-de-gura-total-care-500ml","unitPriceLabel":"43,98 Lei/l","brand":"Listerine","brandCode":"559","brandFilterCode":"listerine-b560","sku":"100086271","price":21.99,"originalPrice":23.89,"currencyCode":"RON","currency":"Lei","image":{"thumbnail":{"default":"https://cdn.freshful.ro/media/cache/sylius_shop_product_thumbnail/33/9c/1e26b084db710999f48c52f2b0f8.jpg"},"large":{"default":"https://cdn.freshful.ro/media/cache/freshful_large/33/9c/1e26b084db710999f48c52f2b0f8.jpg"},"extralarge":{"default":"https://cdn.freshful.ro/media/cache/sylius_shop_product_original/33/9c/1e26b084db710999f48c52f2b0f8.jpg"}},"label":{"text":"-7%","backgroundColor":"#FF9903","textColor":"#FFFFFF"},"tags":[],"isAvailable":true,"maxAvailableQuantity":23,"maxAllowedQuantity":100,"breadcrumbs":[{"code":"11","name":"Cosmetice","slug":"11-cosmetice-si-ingrijire-personala"},{"code":"1109","name":"Igienă dentară","slug":"1109-igiena-dentara"},{"code":"110903","name":"Întreținere dentară","slug":"110903-intretinere-dentara"},{"code":"100086271","name":"Apă de gură Total Care 500ml","slug":"100086271-listerine-apa-de-gura-total-care-500ml"}],"activePromotion":{"code":"oferte-dph-21feb-8mar23","name":"Preț redus","targetQuantity":null},"saveMe":null,"labels":[{"type":"v1","items":[{"text":"-7%","backgroundColor":"#FF9903","textColor":"#FFFFFF"}]}],"geniusPrice":null,"geniusUnitPricePerLabel":null,"banner":{"text":"Super preț","textColor":"#FF0000","bgColor":"#FFF2EC","icon":null,"link":"https://www.freshful.ro/oferte/oferte-dph-21feb-8mar23","type":"promo","analyticsEventType":"select_promotion","analyticsEventPayload":{"promotion_id":"oferte-dph-21feb-8mar23","promotion_name":"Curățenie și îngrijire personală"}},"discountLabel":"Economisești 7%","geniusDiscountLabel":null,"badge":null},{"code":"100150863","variantCode":"100150863","name":"Pastă de dinți pentru albire Max White Purple Reveal 75ml","slug":"100150863-colgate-pasta-de-dinti-pentru-albire-max-white-purple-reveal-75ml","unitPriceLabel":"259,33 Lei/l","brand":"Colgate","brandCode":"329","brandFilterCode":"colgate-b330","sku":"100150863","price":19.45,"originalPrice":null,"currencyCode":"RON","currency":"Lei","image":{"thumbnail":{"default":"https://cdn.freshful.ro/media/cache/sylius_shop_product_thumbnail/bb/37/c1cd91de8bd9c18e074f7a36114e.jpg"},"large":{"default":"https://cdn.freshful.ro/media/cache/freshful_large/bb/37/c1cd91de8bd9c18e074f7a36114e.jpg"},"extralarge":{"default":"https://cdn.freshful.ro/media/cache/sylius_shop_product_original/bb/37/c1cd91de8bd9c18e074f7a36114e.jpg"}},"label":{"text":"Profită acum","backgroundColor":"#FF9903","textColor":"#FFFFFF"},"tags":[],"isAvailable":true,"maxAvailableQuantity":61,"maxAllowedQuantity":100,"breadcrumbs":[{"code":"11","name":"Cosmetice","slug":"11-cosmetice-si-ingrijire-personala"},{"code":"1109","name":"Igienă dentară","slug":"1109-igiena-dentara"},{"code":"110901","name":"Pastă de dinți","slug":"110901-pasta-de-dinti"},{"code":"100150863","name":"Pastă de dinți pentru albire Max White Purple Reveal 75ml","slug":"100150863-colgate-pasta-de-dinti-pentru-albire-max-white-purple-reveal-75ml"}],"activePromotion":{"code":"freshful-top-deals-2023","name":"Preț avantajos","targetQuantity":null},"saveMe":null,"labels":[{"type":"v1","items":[{"text":"Profită acum","backgroundColor":"#FF9903","textColor":"#FFFFFF"}]}],"geniusPrice":null,"geniusUnitPricePerLabel":null,"banner":{"text":"Preț avantajos","textColor":"#F95510","bgColor":"#FEF1CD","icon":null,"link":"https://www.freshful.ro/oferte/freshful-top-deals-2023","type":"promo","analyticsEventType":"select_promotion","analyticsEventPayload":{"promotion_id":"freshful-top-deals-2023","promotion_name":"Profită de Top Deals"}},"discountLabel":null,"geniusDiscountLabel":null,"badge":null},{"code":"100143832","variantCode":"100143832","name":"Apă de gură protecție pentru smalț cu mentă 500ml","slug":"100143832-listerine-apa-de-gura-protectie-pentru-smalt-cu-menta-500ml","unitPriceLabel":"47,58 Lei/l","brand":"Listerine","brandCode":"559","brandFilterCode":"listerine-b560","sku":"100143832","price":23.79,"originalPrice":null,"currencyCode":"RON","currency":"Lei","image":{"thumbnail":{"default":"https://cdn.freshful.ro/media/cache/sylius_shop_product_thumbnail/f9/a9/ec9fee565010565c1c86bbe2da1e.jpg"},"large":{"default":"https://cdn.freshful.ro/media/cache/freshful_large/f9/a9/ec9fee565010565c1c86bbe2da1e.jpg"},"extralarge":{"default":"https://cdn.freshful.ro/media/cache/sylius_shop_product_original/f9/a9/ec9fee565010565c1c86bbe2da1e.jpg"}},"label":{"text":"Profită acum","backgroundColor":"#FF9903","textColor":"#FFFFFF"},"tags":[{"type":"vegan","text":"Vegan","icon":"https://cdn.freshful.ro/assets/product_tags/vegan.svg","iconPng":"https://cdn.freshful.ro/assets/product_tags/vegan.png","backgroundColor":"#ECF9F8","textColor":"#33A39C"}],"isAvailable":true,"maxAvailableQuantity":21,"maxAllowedQuantity":100,"breadcrumbs":[{"code":"11","name":"Cosmetice","slug":"11-cosmetice-si-ingrijire-personala"},{"code":"1109","name":"Igienă dentară","slug":"1109-igiena-dentara"},{"code":"110903","name":"Întreținere dentară","slug":"110903-intretinere-dentara"},{"code":"100143832","name":"Apă de gură protecție pentru smalț cu mentă 500ml","slug":"100143832-listerine-apa-de-gura-protectie-pentru-smalt-cu-menta-500ml"}],"activePromotion":{"code":"freshful-top-deals-2023","name":"Preț avantajos","targetQuantity":null},"saveMe":null,"labels":[{"type":"v1","items":[{"text":"Profită acum","backgroundColor":"#FF9903","textColor":"#FFFFFF"}]}],"geniusPrice":null,"geniusUnitPricePerLabel":null,"banner":{"text":"Preț avantajos","textColor":"#F95510","bgColor":"#FEF1CD","icon":null,"link":"https://www.freshful.ro/oferte/freshful-top-deals-2023","type":"promo","analyticsEventType":"select_promotion","analyticsEventPayload":{"promotion_id":"freshful-top-deals-2023","promotion_name":"Profită de Top Deals"}},"discountLabel":null,"geniusDiscountLabel":null,"badge":null},{"code":"100091561","variantCode":"100091561","name":"Pastă de dinți Professional gum & enamel pro-repair gentle whitening 75ml ","slug":"100091561-oral-b-pasta-de-dinti-professional-gum-enamel-pro-repair-gentle-whitening-75ml","unitPriceLabel":"253,2 Lei/l","brand":"Oral-B","brandCode":"665","brandFilterCode":"oral-b-b666","sku":"100091561","price":18.99,"originalPrice":22.49,"currencyCode":"RON","currency":"Lei","image":{"thumbnail":{"default":"https://cdn.freshful.ro/media/cache/sylius_shop_product_thumbnail/e7/d9/6e0de31349500b7d1e3357a2da38.jpg"},"large":{"default":"https://cdn.freshful.ro/media/cache/freshful_large/e7/d9/6e0de31349500b7d1e3357a2da38.jpg"},"extralarge":{"default":"https://cdn.freshful.ro/media/cache/sylius_shop_product_original/e7/d9/6e0de31349500b7d1e3357a2da38.jpg"}},"label":{"text":"-15%","backgroundColor":"#FF9903","textColor":"#FFFFFF"},"tags":[],"isAvailable":true,"maxAvailableQuantity":15,"maxAllowedQuantity":100,"breadcrumbs":[{"code":"11","name":"Cosmetice","slug":"11-cosmetice-si-ingrijire-personala"},{"code":"1109","name":"Igienă dentară","slug":"1109-igiena-dentara"},{"code":"110901","name":"Pastă de dinți","slug":"110901-pasta-de-dinti"},{"code":"100091561","name":"Pastă de dinți Professional gum & enamel pro-repair gentle whitening 75ml ","slug":"100091561-oral-b-pasta-de-dinti-professional-gum-enamel-pro-repair-gentle-whitening-75ml"}],"activePromotion":{"code":"oferte-dph-21feb-8mar23","name":"Preț redus","targetQuantity":null},"saveMe":null,"labels":[{"type":"v1","items":[{"text":"-15%","backgroundColor":"#FF9903","textColor":"#FFFFFF"}]}],"geniusPrice":null,"geniusUnitPricePerLabel":null,"banner":{"text":"Super preț","textColor":"#FF0000","bgColor":"#FFF2EC","icon":null,"link":"https://www.freshful.ro/oferte/oferte-dph-21feb-8mar23","type":"promo","analyticsEventType":"select_promotion","analyticsEventPayload":{"promotion_id":"oferte-dph-21feb-8mar23","promotion_name":"Curățenie și îngrijire personală"}},"discountLabel":"Economisești 15%","geniusDiscountLabel":null,"badge":null}]},{"analyticsListId":"category-slot_1110-sapunuri-si-geluri-de-dus","analyticsListName":"Category Slot - Săpunuri și geluri de duș","type":"products_carousel","title":"Săpunuri și geluri de duș","link":{"title":"Mai multe","count":322,"url":"/c/11-cosmetice-si-ingrijire-personala/1110-sapunuri-si-geluri-de-dus"},"products":[{"code":"100062055","variantCode":"100062055","name":"Gel de duș Sweet Peony 500ml","slug":"100062055-dove-gel-de-dus-sweet-peony-500ml","unitPriceLabel":"33,98 Lei/l","brand":"Dove","brandCode":"763","brandFilterCode":"dove-b764","sku":"100062055","price":16.99,"originalPrice":null,"currencyCode":"RON","currency":"Lei","image":{"thumbnail":{"default":"https://cdn.freshful.ro/media/cache/sylius_shop_product_thumbnail/c9/49/e3c488613f229d9b9c0f141c3ef7.jpg"},"large":{"default":"https://cdn.freshful.ro/media/cache/freshful_large/c9/49/e3c488613f229d9b9c0f141c3ef7.jpg"},"extralarge":{"default":"https://cdn.freshful.ro/media/cache/sylius_shop_product_original/c9/49/e3c488613f229d9b9c0f141c3ef7.jpg"}},"label":{"text":"Profită acum","backgroundColor":"#FF9903","textColor":"#FFFFFF"},"tags":[],"isAvailable":true,"maxAvailableQuantity":6,"maxAllowedQuantity":6,"breadcrumbs":[{"code":"11","name":"Cosmetice","slug":"11-cosmetice-si-ingrijire-personala"},{"code":"1110","name":"Săpunuri și geluri de duș","slug":"1110-sapunuri-si-geluri-de-dus"},{"code":"111004","name":"Gel de duș și sare de baie","slug":"111004-gel-de-dus-si-sare-de-baie"},{"code":"100062055","name":"Gel de duș Sweet Peony 500ml","slug":"100062055-dove-gel-de-dus-sweet-peony-500ml"}],"activePromotion":{"code":"oferte-dph-21feb-8mar23","name":"Preț avantajos","targetQuantity":null},"saveMe":null,"labels":[{"type":"v1","items":[{"text":"Profită acum","backgroundColor":"#FF9903","textColor":"#FFFFFF"}]}],"geniusPrice":null,"geniusUnitPricePerLabel":null,"banner":{"text":"Preț avantajos","textColor":"#F95510","bgColor":"#FEF1CD","icon":null,"link":"https://www.freshful.ro/oferte/oferte-dph-21feb-8mar23","type":"promo","analyticsEventType":"select_promotion","analyticsEventPayload":{"promotion_id":"oferte-dph-21feb-8mar23","promotion_name":"Curățenie și îngrijire personală"}},"discountLabel":null,"geniusDiscountLabel":null,"badge":null},{"code":"100062058","variantCode":"100062058","name":"Gel de duș Shea Butter & Vanilla 500ml","slug":"100062058-dove-gel-de-dus-shea-butter-vanilla-500ml","unitPriceLabel":"33,98 Lei/l","brand":"Dove","brandCode":"763","brandFilterCode":"dove-b764","sku":"100062058","price":16.99,"originalPrice":null,"currencyCode":"RON","currency":"Lei","image":{"thumbnail":{"default":"https://cdn.freshful.ro/media/cache/sylius_shop_product_thumbnail/df/7d/1d60a9163a2218d631f0316806ff.jpg"},"large":{"default":"https://cdn.freshful.ro/media/cache/freshful_large/df/7d/1d60a9163a2218d631f0316806ff.jpg"},"extralarge":{"default":"https://cdn.freshful.ro/media/cache/sylius_shop_product_original/df/7d/1d60a9163a2218d631f0316806ff.jpg"}},"label":{"text":"Profită acum","backgroundColor":"#FF9903","textColor":"#FFFFFF"},"tags":[],"isAvailable":true,"maxAvailableQuantity":6,"maxAllowedQuantity":6,"breadcrumbs":[{"code":"11","name":"Cosmetice","slug":"11-cosmetice-si-ingrijire-personala"},{"code":"1110","name":"Săpunuri și geluri de duș","slug":"1110-sapunuri-si-geluri-de-dus"},{"code":"111004","name":"Gel de duș și sare de baie","slug":"111004-gel-de-dus-si-sare-de-baie"},{"code":"100062058","name":"Gel de duș Shea Butter & Vanilla 500ml","slug":"100062058-dove-gel-de-dus-shea-butter-vanilla-500ml"}],"activePromotion":{"code":"oferte-dph-21feb-8mar23","name":"Preț avantajos","targetQuantity":null},"saveMe":null,"labels":[{"type":"v1","items":[{"text":"Profită acum","backgroundColor":"#FF9903","textColor":"#FFFFFF"}]}],"geniusPrice":null,"geniusUnitPricePerLabel":null,"banner":{"text":"Preț avantajos","textColor":"#F95510","bgColor":"#FEF1CD","icon":null,"link":"https://www.freshful.ro/oferte/oferte-dph-21feb-8mar23","type":"promo","analyticsEventType":"select_promotion","analyticsEventPayload":{"promotion_id":"oferte-dph-21feb-8mar23","promotion_name":"Curățenie și îngrijire personală"}},"discountLabel":null,"geniusDiscountLabel":null,"badge":null},{"code":"100036061","variantCode":"100036061","name":"Rezervă săpun lichid antibacterian Cream 700ml","slug":"100036061-protex-rezerva-sapun-lichid-antibacterian-cream-700ml","unitPriceLabel":"31,04 Lei/l","brand":"Protex","brandCode":"331","brandFilterCode":"protex-b332","sku":"100036061","price":21.73,"originalPrice":null,"currencyCode":"RON","currency":"Lei","image":{"thumbnail":{"default":"https://cdn.freshful.ro/media/cache/sylius_shop_product_thumbnail/5f/2e/bc3f3fb3e1acd5c42db76d7b1ef7.jpg"},"large":{"default":"https://cdn.freshful.ro/media/cache/freshful_large/5f/2e/bc3f3fb3e1acd5c42db76d7b1ef7.jpg"},"extralarge":{"default":"https://cdn.freshful.ro/media/cache/sylius_shop_product_original/5f/2e/bc3f3fb3e1acd5c42db76d7b1ef7.jpg"}},"label":{"text":"Profită acum","backgroundColor":"#FF9903","textColor":"#FFFFFF"},"tags":[],"isAvailable":true,"maxAvailableQuantity":100,"maxAllowedQuantity":100,"breadcrumbs":[{"code":"11","name":"Cosmetice","slug":"11-cosmetice-si-ingrijire-personala"},{"code":"1110","name":"Săpunuri și geluri de duș","slug":"1110-sapunuri-si-geluri-de-dus"},{"code":"111002","name":"Săpun lichid","slug":"111002-sapun-lichid"},{"code":"100036061","name":"Rezervă săpun lichid antibacterian Cream 700ml","slug":"100036061-protex-rezerva-sapun-lichid-antibacterian-cream-700ml"}],"activePromotion":{"code":"freshful-top-deals-2023","name":"Preț avantajos","targetQuantity":null},"saveMe":null,"labels":[{"type":"v1","items":[{"text":"Profită acum","backgroundColor":"#FF9903","textColor":"#FFFFFF"}]}],"geniusPrice":null,"geniusUnitPricePerLabel":null,"banner":{"text":"Preț avantajos","textColor":"#F95510","bgColor":"#FEF1CD","icon":null,"link":"https://www.freshful.ro/oferte/freshful-top-deals-2023","type":"promo","analyticsEventType":"select_promotion","analyticsEventPayload":{"promotion_id":"freshful-top-deals-2023","promotion_name":"Profită de Top Deals"}},"discountLabel":null,"geniusDiscountLabel":null,"badge":null},{"code":"100062072","variantCode":"100062072","name":"Gel de duș Men+Care Clean Comfort 400ml","slug":"100062072-dove-gel-de-dus-men-care-clean-comfort-400ml","unitPriceLabel":"42,48 Lei/l","brand":"Dove","brandCode":"763","brandFilterCode":"dove-b764","sku":"100062072","price":16.99,"originalPrice":null,"currencyCode":"RON","currency":"Lei","image":{"thumbnail":{"default":"https://cdn.freshful.ro/media/cache/sylius_shop_product_thumbnail/79/40/1ed0e103f48d97ee7b94e5b36103.jpg"},"large":{"default":"https://cdn.freshful.ro/media/cache/freshful_large/79/40/1ed0e103f48d97ee7b94e5b36103.jpg"},"extralarge":{"default":"https://cdn.freshful.ro/media/cache/sylius_shop_product_original/79/40/1ed0e103f48d97ee7b94e5b36103.jpg"}},"label":{"text":"Profită acum","backgroundColor":"#FF9903","textColor":"#FFFFFF"},"tags":[],"isAvailable":true,"maxAvailableQuantity":6,"maxAllowedQuantity":6,"breadcrumbs":[{"code":"11","name":"Cosmetice","slug":"11-cosmetice-si-ingrijire-personala"},{"code":"1110","name":"Săpunuri și geluri de duș","slug":"1110-sapunuri-si-geluri-de-dus"},{"code":"111004","name":"Gel de duș și sare de baie","slug":"111004-gel-de-dus-si-sare-de-baie"},{"code":"100062072","name":"Gel de duș Men+Care Clean Comfort 400ml","slug":"100062072-dove-gel-de-dus-men-care-clean-comfort-400ml"}],"activePromotion":{"code":"oferte-dph-21feb-8mar23","name":"Preț avantajos","targetQuantity":null},"saveMe":null,"labels":[{"type":"v1","items":[{"text":"Profită acum","backgroundColor":"#FF9903","textColor":"#FFFFFF"}]}],"geniusPrice":null,"geniusUnitPricePerLabel":null,"banner":{"text":"Preț avantajos","textColor":"#F95510","bgColor":"#FEF1CD","icon":null,"link":"https://www.freshful.ro/oferte/oferte-dph-21feb-8mar23","type":"promo","analyticsEventType":"select_promotion","analyticsEventPayload":{"promotion_id":"oferte-dph-21feb-8mar23","promotion_name":"Curățenie și îngrijire personală"}},"discountLabel":null,"geniusDiscountLabel":null,"badge":null},{"code":"100036066","variantCode":"100036066","name":"Săpun solid antibacterian Ultra 90g","slug":"100036066-protex-sapun-solid-antibacterian-ultra-90g","unitPriceLabel":"35,44 Lei/kg","brand":"Protex","brandCode":"331","brandFilterCode":"protex-b332","sku":"100036066","price":3.19,"originalPrice":null,"currencyCode":"RON","currency":"Lei","image":{"thumbnail":{"default":"https://cdn.freshful.ro/media/cache/sylius_shop_product_thumbnail/24/23/b44b7717ac1b54225f3a5b1428ae.jpg"},"large":{"default":"https://cdn.freshful.ro/media/cache/freshful_large/24/23/b44b7717ac1b54225f3a5b1428ae.jpg"},"extralarge":{"default":"https://cdn.freshful.ro/media/cache/sylius_shop_product_original/24/23/b44b7717ac1b54225f3a5b1428ae.jpg"}},"label":{"text":"Profită acum","backgroundColor":"#FF9903","textColor":"#FFFFFF"},"tags":[],"isAvailable":true,"maxAvailableQuantity":100,"maxAllowedQuantity":100,"breadcrumbs":[{"code":"11","name":"Cosmetice","slug":"11-cosmetice-si-ingrijire-personala"},{"code":"1110","name":"Săpunuri și geluri de duș","slug":"1110-sapunuri-si-geluri-de-dus"},{"code":"111001","name":"Săpun solid","slug":"111001-sapun-solid"},{"code":"100036066","name":"Săpun solid antibacterian Ultra 90g","slug":"100036066-protex-sapun-solid-antibacterian-ultra-90g"}],"activePromotion":{"code":"freshful-top-deals-2023","name":"Preț avantajos","targetQuantity":null},"saveMe":null,"labels":[{"type":"v1","items":[{"text":"Profită acum","backgroundColor":"#FF9903","textColor":"#FFFFFF"}]}],"geniusPrice":null,"geniusUnitPricePerLabel":null,"banner":{"text":"Preț avantajos","textColor":"#F95510","bgColor":"#FEF1CD","icon":null,"link":"https://www.freshful.ro/oferte/freshful-top-deals-2023","type":"promo","analyticsEventType":"select_promotion","analyticsEventPayload":{"promotion_id":"freshful-top-deals-2023","promotion_name":"Profită de Top Deals"}},"discountLabel":null,"geniusDiscountLabel":null,"badge":null},{"code":"100036060","variantCode":"100036060","name":"Rezervă săpun lichid antibacterian Ultra 700ml","slug":"100036060-protex-rezerva-sapun-lichid-antibacterian-ultra-700ml","unitPriceLabel":"31,04 Lei/l","brand":"Protex","brandCode":"331","brandFilterCode":"protex-b332","sku":"100036060","price":21.73,"originalPrice":null,"currencyCode":"RON","currency":"Lei","image":{"thumbnail":{"default":"https://cdn.freshful.ro/media/cache/sylius_shop_product_thumbnail/79/cd/fef883898aee27111beac85dde46.jpg"},"large":{"default":"https://cdn.freshful.ro/media/cache/freshful_large/79/cd/fef883898aee27111beac85dde46.jpg"},"extralarge":{"default":"https://cdn.freshful.ro/media/cache/sylius_shop_product_original/79/cd/fef883898aee27111beac85dde46.jpg"}},"label":{"text":"Profită acum","backgroundColor":"#FF9903","textColor":"#FFFFFF"},"tags":[],"isAvailable":true,"maxAvailableQuantity":100,"maxAllowedQuantity":100,"breadcrumbs":[{"code":"11","name":"Cosmetice","slug":"11-cosmetice-si-ingrijire-personala"},{"code":"1110","name":"Săpunuri și geluri de duș","slug":"1110-sapunuri-si-geluri-de-dus"},{"code":"111002","name":"Săpun lichid","slug":"111002-sapun-lichid"},{"code":"100036060","name":"Rezervă săpun lichid antibacterian Ultra 700ml","slug":"100036060-protex-rezerva-sapun-lichid-antibacterian-ultra-700ml"}],"activePromotion":{"code":"freshful-top-deals-2023","name":"Preț avantajos","targetQuantity":null},"saveMe":null,"labels":[{"type":"v1","items":[{"text":"Profită acum","backgroundColor":"#FF9903","textColor":"#FFFFFF"}]}],"geniusPrice":null,"geniusUnitPricePerLabel":null,"banner":{"text":"Preț avantajos","textColor":"#F95510","bgColor":"#FEF1CD","icon":null,"link":"https://www.freshful.ro/oferte/freshful-top-deals-2023","type":"promo","analyticsEventType":"select_promotion","analyticsEventPayload":{"promotion_id":"freshful-top-deals-2023","promotion_name":"Profită de Top Deals"}},"discountLabel":null,"geniusDiscountLabel":null,"badge":null},{"code":"100062071","variantCode":"100062071","name":"Gel de duș Men+Care Extra Fresh 400ml","slug":"100062071-dove-gel-de-dus-men-care-extra-fresh-400ml","unitPriceLabel":"42,48 Lei/l","brand":"Dove","brandCode":"763","brandFilterCode":"dove-b764","sku":"100062071","price":16.99,"originalPrice":null,"currencyCode":"RON","currency":"Lei","image":{"thumbnail":{"default":"https://cdn.freshful.ro/media/cache/sylius_shop_product_thumbnail/ec/7a/89f821f109b455aba9c9bd816aae.jpg"},"large":{"default":"https://cdn.freshful.ro/media/cache/freshful_large/ec/7a/89f821f109b455aba9c9bd816aae.jpg"},"extralarge":{"default":"https://cdn.freshful.ro/media/cache/sylius_shop_product_original/ec/7a/89f821f109b455aba9c9bd816aae.jpg"}},"label":{"text":"Profită acum","backgroundColor":"#FF9903","textColor":"#FFFFFF"},"tags":[],"isAvailable":true,"maxAvailableQuantity":6,"maxAllowedQuantity":6,"breadcrumbs":[{"code":"11","name":"Cosmetice","slug":"11-cosmetice-si-ingrijire-personala"},{"code":"1110","name":"Săpunuri și geluri de duș","slug":"1110-sapunuri-si-geluri-de-dus"},{"code":"111004","name":"Gel de duș și sare de baie","slug":"111004-gel-de-dus-si-sare-de-baie"},{"code":"100062071","name":"Gel de duș Men+Care Extra Fresh 400ml","slug":"100062071-dove-gel-de-dus-men-care-extra-fresh-400ml"}],"activePromotion":{"code":"oferte-dph-21feb-8mar23","name":"Preț avantajos","targetQuantity":null},"saveMe":null,"labels":[{"type":"v1","items":[{"text":"Profită acum","backgroundColor":"#FF9903","textColor":"#FFFFFF"}]}],"geniusPrice":null,"geniusUnitPricePerLabel":null,"banner":{"text":"Preț avantajos","textColor":"#F95510","bgColor":"#FEF1CD","icon":null,"link":"https://www.freshful.ro/oferte/oferte-dph-21feb-8mar23","type":"promo","analyticsEventType":"select_promotion","analyticsEventPayload":{"promotion_id":"oferte-dph-21feb-8mar23","promotion_name":"Curățenie și îngrijire personală"}},"discountLabel":null,"geniusDiscountLabel":null,"badge":null},{"code":"100086219","variantCode":"8008970043647","name":"Gel de duș Ayurveda 250ml","slug":"100086219-tesori-d-oriente-gel-de-dus-ayurveda-250ml","unitPriceLabel":"53,28 Lei/l","brand":"Tesori d'Oriente","brandCode":"554","brandFilterCode":"tesori-d-oriente-b555","sku":"100086219","price":13.32,"originalPrice":null,"currencyCode":"RON","currency":"Lei","image":{"thumbnail":{"default":"https://cdn.freshful.ro/media/cache/sylius_shop_product_thumbnail/cc/d2/a58d42bfdc762c7082e55c597d07.jpg"},"large":{"default":"https://cdn.freshful.ro/media/cache/freshful_large/cc/d2/a58d42bfdc762c7082e55c597d07.jpg"},"extralarge":{"default":"https://cdn.freshful.ro/media/cache/sylius_shop_product_original/cc/d2/a58d42bfdc762c7082e55c597d07.jpg"}},"label":{"text":"Profită acum","backgroundColor":"#FF9903","textColor":"#FFFFFF"},"tags":[],"isAvailable":true,"maxAvailableQuantity":6,"maxAllowedQuantity":6,"breadcrumbs":[{"code":"11","name":"Cosmetice","slug":"11-cosmetice-si-ingrijire-personala"},{"code":"1110","name":"Săpunuri și geluri de duș","slug":"1110-sapunuri-si-geluri-de-dus"},{"code":"111004","name":"Gel de duș și sare de baie","slug":"111004-gel-de-dus-si-sare-de-baie"},{"code":"100086219","name":"Gel de duș Ayurveda 250ml","slug":"100086219-tesori-d-oriente-gel-de-dus-ayurveda-250ml"}],"activePromotion":{"code":"freshful-top-deals-2023","name":"Preț avantajos","targetQuantity":null},"saveMe":null,"labels":[{"type":"v1","items":[{"text":"Profită acum","backgroundColor":"#FF9903","textColor":"#FFFFFF"}]}],"geniusPrice":null,"geniusUnitPricePerLabel":null,"banner":{"text":"Preț avantajos","textColor":"#F95510","bgColor":"#FEF1CD","icon":null,"link":"https://www.freshful.ro/oferte/freshful-top-deals-2023","type":"promo","analyticsEventType":"select_promotion","analyticsEventPayload":{"promotion_id":"freshful-top-deals-2023","promotion_name":"Profită de Top Deals"}},"discountLabel":null,"geniusDiscountLabel":null,"badge":null},{"code":"100036059","variantCode":"100036059","name":"Rezervă săpun lichid antibacterian Fresh 700ml","slug":"100036059-protex-rezerva-sapun-lichid-antibacterian-fresh-700ml","unitPriceLabel":"31,04 Lei/l","brand":"Protex","brandCode":"331","brandFilterCode":"protex-b332","sku":"100036059","price":21.73,"originalPrice":null,"currencyCode":"RON","currency":"Lei","image":{"thumbnail":{"default":"https://cdn.freshful.ro/media/cache/sylius_shop_product_thumbnail/ec/03/6e56f6af97de7b71a5cee90cc811.jpg"},"large":{"default":"https://cdn.freshful.ro/media/cache/freshful_large/ec/03/6e56f6af97de7b71a5cee90cc811.jpg"},"extralarge":{"default":"https://cdn.freshful.ro/media/cache/sylius_shop_product_original/ec/03/6e56f6af97de7b71a5cee90cc811.jpg"}},"label":{"text":"Profită acum","backgroundColor":"#FF9903","textColor":"#FFFFFF"},"tags":[],"isAvailable":true,"maxAvailableQuantity":100,"maxAllowedQuantity":100,"breadcrumbs":[{"code":"11","name":"Cosmetice","slug":"11-cosmetice-si-ingrijire-personala"},{"code":"1110","name":"Săpunuri și geluri de duș","slug":"1110-sapunuri-si-geluri-de-dus"},{"code":"111002","name":"Săpun lichid","slug":"111002-sapun-lichid"},{"code":"100036059","name":"Rezervă săpun lichid antibacterian Fresh 700ml","slug":"100036059-protex-rezerva-sapun-lichid-antibacterian-fresh-700ml"}],"activePromotion":{"code":"freshful-top-deals-2023","name":"Preț avantajos","targetQuantity":null},"saveMe":null,"labels":[{"type":"v1","items":[{"text":"Profită acum","backgroundColor":"#FF9903","textColor":"#FFFFFF"}]}],"geniusPrice":null,"geniusUnitPricePerLabel":null,"banner":{"text":"Preț avantajos","textColor":"#F95510","bgColor":"#FEF1CD","icon":null,"link":"https://www.freshful.ro/oferte/freshful-top-deals-2023","type":"promo","analyticsEventType":"select_promotion","analyticsEventPayload":{"promotion_id":"freshful-top-deals-2023","promotion_name":"Profită de Top Deals"}},"discountLabel":null,"geniusDiscountLabel":null,"badge":null},{"code":"100086227","variantCode":"100086227","name":"Săpun lichid Hammam 300ml","slug":"100086227-tesori-d-oriente-sapun-lichid-hammam-300ml","unitPriceLabel":"44,97 Lei/l","brand":"Tesori d'Oriente","brandCode":"554","brandFilterCode":"tesori-d-oriente-b555","sku":"100086227","price":13.49,"originalPrice":16.5,"currencyCode":"RON","currency":"Lei","image":{"thumbnail":{"default":"https://cdn.freshful.ro/media/cache/sylius_shop_product_thumbnail/a1/cc/5f698879c2c363675b61e9d0b7fb.jpg"},"large":{"default":"https://cdn.freshful.ro/media/cache/freshful_large/a1/cc/5f698879c2c363675b61e9d0b7fb.jpg"},"extralarge":{"default":"https://cdn.freshful.ro/media/cache/sylius_shop_product_original/a1/cc/5f698879c2c363675b61e9d0b7fb.jpg"}},"label":{"text":"-18%","backgroundColor":"#FF9903","textColor":"#FFFFFF"},"tags":[],"isAvailable":true,"maxAvailableQuantity":34,"maxAllowedQuantity":100,"breadcrumbs":[{"code":"11","name":"Cosmetice","slug":"11-cosmetice-si-ingrijire-personala"},{"code":"1110","name":"Săpunuri și geluri de duș","slug":"1110-sapunuri-si-geluri-de-dus"},{"code":"111002","name":"Săpun lichid","slug":"111002-sapun-lichid"},{"code":"100086227","name":"Săpun lichid Hammam 300ml","slug":"100086227-tesori-d-oriente-sapun-lichid-hammam-300ml"}],"activePromotion":{"code":"oferte-dph-21feb-8mar23","name":"Preț redus","targetQuantity":null},"saveMe":null,"labels":[{"type":"v1","items":[{"text":"-18%","backgroundColor":"#FF9903","textColor":"#FFFFFF"}]}],"geniusPrice":null,"geniusUnitPricePerLabel":null,"banner":{"text":"Super preț","textColor":"#FF0000","bgColor":"#FFF2EC","icon":null,"link":"https://www.freshful.ro/oferte/oferte-dph-21feb-8mar23","type":"promo","analyticsEventType":"select_promotion","analyticsEventPayload":{"promotion_id":"oferte-dph-21feb-8mar23","promotion_name":"Curățenie și îngrijire personală"}},"discountLabel":"Economisești 18%","geniusDiscountLabel":null,"badge":null}]},{"analyticsListId":"category-slot_1111-dermatocosmetice-si-parafarmacie","analyticsListName":"Category Slot - Dermatocosmetice și parafarmacie","type":"products_carousel","title":"Dermatocosmetice și parafarmacie","link":{"title":"Mai multe","count":111,"url":"/c/11-cosmetice-si-ingrijire-personala/1111-dermatocosmetice-si-parafarmacie"},"products":[{"code":"100115420","variantCode":"3600550368512","name":"Gel de duș fără săpun pentru bebeluși/copii  400ml","slug":"100115420-mixa-gel-de-dus-fara-sapun-pentru-bebelusi-copii-400ml","unitPriceLabel":"66,23 Lei/l","brand":"Mixa","brandCode":"445","brandFilterCode":"mixa-b446","sku":"100115420","price":26.49,"originalPrice":33.19,"currencyCode":"RON","currency":"Lei","image":{"thumbnail":{"default":"https://cdn.freshful.ro/media/cache/sylius_shop_product_thumbnail/cd/46/1f2bab27f6035b4dec26b5439e54.jpg"},"large":{"default":"https://cdn.freshful.ro/media/cache/freshful_large/cd/46/1f2bab27f6035b4dec26b5439e54.jpg"},"extralarge":{"default":"https://cdn.freshful.ro/media/cache/sylius_shop_product_original/cd/46/1f2bab27f6035b4dec26b5439e54.jpg"}},"label":{"text":"-20%","backgroundColor":"#FF9903","textColor":"#FFFFFF"},"tags":[],"isAvailable":true,"maxAvailableQuantity":4,"maxAllowedQuantity":100,"breadcrumbs":[{"code":"11","name":"Cosmetice","slug":"11-cosmetice-si-ingrijire-personala"},{"code":"1111","name":"Dermatocosmetice și parafarmacie","slug":"1111-dermatocosmetice-si-parafarmacie"},{"code":"111102","name":"Dermatocosmetice","slug":"111102-dermato-cosmetice"},{"code":"100115420","name":"Gel de duș fără săpun pentru bebeluși/copii  400ml","slug":"100115420-mixa-gel-de-dus-fara-sapun-pentru-bebelusi-copii-400ml"}],"activePromotion":{"code":"oferte-dph-21feb-8mar23","name":"Preț redus","targetQuantity":null},"saveMe":null,"labels":[{"type":"v1","items":[{"text":"-20%","backgroundColor":"#FF9903","textColor":"#FFFFFF"}]}],"geniusPrice":null,"geniusUnitPricePerLabel":null,"banner":{"text":"Super preț","textColor":"#FF0000","bgColor":"#FFF2EC","icon":null,"link":"https://www.freshful.ro/oferte/oferte-dph-21feb-8mar23","type":"promo","analyticsEventType":"select_promotion","analyticsEventPayload":{"promotion_id":"oferte-dph-21feb-8mar23","promotion_name":"Curățenie și îngrijire personală"}},"discountLabel":"Economisești 20%","geniusDiscountLabel":null,"badge":null},{"code":"100128393","variantCode":"100128393","name":"Cremă contur de ochi Eau Thermale 15ml","slug":"100128393-uriage-crema-contur-de-ochi-eau-thermale-15ml","unitPriceLabel":"","brand":"Uriage","brandCode":"2336","brandFilterCode":"uriage-b2349","sku":"100128393","price":39.99,"originalPrice":42.29,"currencyCode":"RON","currency":"Lei","image":{"thumbnail":{"default":"https://cdn.freshful.ro/media/cache/sylius_shop_product_thumbnail/28/db/4ce7eeb0db238f7176d6acc5cb70.jpg"},"large":{"default":"https://cdn.freshful.ro/media/cache/freshful_large/28/db/4ce7eeb0db238f7176d6acc5cb70.jpg"},"extralarge":{"default":"https://cdn.freshful.ro/media/cache/sylius_shop_product_original/28/db/4ce7eeb0db238f7176d6acc5cb70.jpg"}},"label":{"text":"-5%","backgroundColor":"#FF9903","textColor":"#FFFFFF"},"tags":[],"isAvailable":true,"maxAvailableQuantity":6,"maxAllowedQuantity":100,"breadcrumbs":[{"code":"11","name":"Cosmetice","slug":"11-cosmetice-si-ingrijire-personala"},{"code":"1111","name":"Dermatocosmetice și parafarmacie","slug":"1111-dermatocosmetice-si-parafarmacie"},{"code":"111102","name":"Dermatocosmetice","slug":"111102-dermato-cosmetice"},{"code":"100128393","name":"Cremă contur de ochi Eau Thermale 15ml","slug":"100128393-uriage-crema-contur-de-ochi-eau-thermale-15ml"}],"activePromotion":{"code":"special-cosmetice-21feb-8mar23","name":"Preț redus","targetQuantity":null},"saveMe":null,"labels":[{"type":"v1","items":[{"text":"-5%","backgroundColor":"#FF9903","textColor":"#FFFFFF"}]}],"geniusPrice":null,"geniusUnitPricePerLabel":null,"banner":{"text":"Super preț","textColor":"#FF0000","bgColor":"#FFF2EC","icon":null,"link":"https://www.freshful.ro/oferte/special-cosmetice-21feb-8mar23","type":"promo","analyticsEventType":"select_promotion","analyticsEventPayload":{"promotion_id":"special-cosmetice-21feb-8mar23","promotion_name":"Cadouri pentru sărbătoritele lunii martie"}},"discountLabel":"Economisești 5%","geniusDiscountLabel":null,"badge":null},{"code":"100115415","variantCode":"3600550958430","name":"Lapte de corp cu acid hialuronic pentru ten deshidratat 400ml","slug":"100115415-mixa-lapte-de-corp-cu-acid-hialuronic-pentru-ten-deshidratat-400ml","unitPriceLabel":"63,98 Lei/l","brand":"Mixa","brandCode":"445","brandFilterCode":"mixa-b446","sku":"100115415","price":25.59,"originalPrice":33.19,"currencyCode":"RON","currency":"Lei","image":{"thumbnail":{"default":"https://cdn.freshful.ro/media/cache/sylius_shop_product_thumbnail/d5/39/78ca9bed3defc34bfcecbb04fa9c.jpg"},"large":{"default":"https://cdn.freshful.ro/media/cache/freshful_large/d5/39/78ca9bed3defc34bfcecbb04fa9c.jpg"},"extralarge":{"default":"https://cdn.freshful.ro/media/cache/sylius_shop_product_original/d5/39/78ca9bed3defc34bfcecbb04fa9c.jpg"}},"label":{"text":"-22%","backgroundColor":"#FF9903","textColor":"#FFFFFF"},"tags":[],"isAvailable":true,"maxAvailableQuantity":7,"maxAllowedQuantity":100,"breadcrumbs":[{"code":"11","name":"Cosmetice","slug":"11-cosmetice-si-ingrijire-personala"},{"code":"1111","name":"Dermatocosmetice și parafarmacie","slug":"1111-dermatocosmetice-si-parafarmacie"},{"code":"111102","name":"Dermatocosmetice","slug":"111102-dermato-cosmetice"},{"code":"100115415","name":"Lapte de corp cu acid hialuronic pentru ten deshidratat 400ml","slug":"100115415-mixa-lapte-de-corp-cu-acid-hialuronic-pentru-ten-deshidratat-400ml"}],"activePromotion":{"code":"special-cosmetice-21feb-8mar23","name":"Preț redus","targetQuantity":null},"saveMe":null,"labels":[{"type":"v1","items":[{"text":"-22%","backgroundColor":"#FF9903","textColor":"#FFFFFF"}]}],"geniusPrice":null,"geniusUnitPricePerLabel":null,"banner":{"text":"Super preț","textColor":"#FF0000","bgColor":"#FFF2EC","icon":null,"link":"https://www.freshful.ro/oferte/special-cosmetice-21feb-8mar23","type":"promo","analyticsEventType":"select_promotion","analyticsEventPayload":{"promotion_id":"special-cosmetice-21feb-8mar23","promotion_name":"Cadouri pentru sărbătoritele lunii martie"}},"discountLabel":"Economisești 22%","geniusDiscountLabel":null,"badge":null},{"code":"100115401","variantCode":"3600550934922","name":"Cremă hidratantă cu acid hialuronic pentru ten uscat 50ml","slug":"100115401-mixa-crema-hidratanta-cu-acid-hialuronic-pentru-ten-uscat-50ml","unitPriceLabel":"511,8 Lei/l","brand":"Mixa","brandCode":"445","brandFilterCode":"mixa-b446","sku":"100115401","price":25.59,"originalPrice":33.19,"currencyCode":"RON","currency":"Lei","image":{"thumbnail":{"default":"https://cdn.freshful.ro/media/cache/sylius_shop_product_thumbnail/2e/0e/2cd115ba48c88164b79bb46a13b4.jpg"},"large":{"default":"https://cdn.freshful.ro/media/cache/freshful_large/2e/0e/2cd115ba48c88164b79bb46a13b4.jpg"},"extralarge":{"default":"https://cdn.freshful.ro/media/cache/sylius_shop_product_original/2e/0e/2cd115ba48c88164b79bb46a13b4.jpg"}},"label":{"text":"-22%","backgroundColor":"#FF9903","textColor":"#FFFFFF"},"tags":[],"isAvailable":true,"maxAvailableQuantity":10,"maxAllowedQuantity":100,"breadcrumbs":[{"code":"11","name":"Cosmetice","slug":"11-cosmetice-si-ingrijire-personala"},{"code":"1111","name":"Dermatocosmetice și parafarmacie","slug":"1111-dermatocosmetice-si-parafarmacie"},{"code":"111102","name":"Dermatocosmetice","slug":"111102-dermato-cosmetice"},{"code":"100115401","name":"Cremă hidratantă cu acid hialuronic pentru ten uscat 50ml","slug":"100115401-mixa-crema-hidratanta-cu-acid-hialuronic-pentru-ten-uscat-50ml"}],"activePromotion":{"code":"special-cosmetice-21feb-8mar23","name":"Preț redus","targetQuantity":null},"saveMe":null,"labels":[{"type":"v1","items":[{"text":"-22%","backgroundColor":"#FF9903","textColor":"#FFFFFF"}]}],"geniusPrice":null,"geniusUnitPricePerLabel":null,"banner":{"text":"Super preț","textColor":"#FF0000","bgColor":"#FFF2EC","icon":null,"link":"https://www.freshful.ro/oferte/special-cosmetice-21feb-8mar23","type":"promo","analyticsEventType":"select_promotion","analyticsEventPayload":{"promotion_id":"special-cosmetice-21feb-8mar23","promotion_name":"Cadouri pentru sărbătoritele lunii martie"}},"discountLabel":"Economisești 22%","geniusDiscountLabel":null,"badge":null},{"code":"100115417","variantCode":"3600550932706","name":"Cremă de mâini reparatoare Surgras 100ml","slug":"100115417-mixa-crema-de-maini-reparatoare-surgras-100ml","unitPriceLabel":"209,9 Lei/l","brand":"Mixa","brandCode":"445","brandFilterCode":"mixa-b446","sku":"100115417","price":20.99,"originalPrice":26.49,"currencyCode":"RON","currency":"Lei","image":{"thumbnail":{"default":"https://cdn.freshful.ro/media/cache/sylius_shop_product_thumbnail/14/3b/28d478b158ee85ededa2b5beb6d8.jpg"},"large":{"default":"https://cdn.freshful.ro/media/cache/freshful_large/14/3b/28d478b158ee85ededa2b5beb6d8.jpg"},"extralarge":{"default":"https://cdn.freshful.ro/media/cache/sylius_shop_product_original/14/3b/28d478b158ee85ededa2b5beb6d8.jpg"}},"label":{"text":"-20%","backgroundColor":"#FF9903","textColor":"#FFFFFF"},"tags":[],"isAvailable":true,"maxAvailableQuantity":8,"maxAllowedQuantity":100,"breadcrumbs":[{"code":"11","name":"Cosmetice","slug":"11-cosmetice-si-ingrijire-personala"},{"code":"1111","name":"Dermatocosmetice și parafarmacie","slug":"1111-dermatocosmetice-si-parafarmacie"},{"code":"111102","name":"Dermatocosmetice","slug":"111102-dermato-cosmetice"},{"code":"100115417","name":"Cremă de mâini reparatoare Surgras 100ml","slug":"100115417-mixa-crema-de-maini-reparatoare-surgras-100ml"}],"activePromotion":{"code":"special-cosmetice-21feb-8mar23","name":"Preț redus","targetQuantity":null},"saveMe":null,"labels":[{"type":"v1","items":[{"text":"-20%","backgroundColor":"#FF9903","textColor":"#FFFFFF"}]}],"geniusPrice":null,"geniusUnitPricePerLabel":null,"banner":{"text":"Super preț","textColor":"#FF0000","bgColor":"#FFF2EC","icon":null,"link":"https://www.freshful.ro/oferte/special-cosmetice-21feb-8mar23","type":"promo","analyticsEventType":"select_promotion","analyticsEventPayload":{"promotion_id":"special-cosmetice-21feb-8mar23","promotion_name":"Cadouri pentru sărbătoritele lunii martie"}},"discountLabel":"Economisești 20%","geniusDiscountLabel":null,"badge":null},{"code":"100128384","variantCode":"100128384","name":"Mască purifiantă peel-off Hyseac 50ml","slug":"100128384-uriage-masca-purifianta-peel-off-hyseac-50ml","unitPriceLabel":"799,8 Lei/l","brand":"Uriage","brandCode":"2336","brandFilterCode":"uriage-b2349","sku":"100128384","price":39.99,"originalPrice":50.29,"currencyCode":"RON","currency":"Lei","image":{"thumbnail":{"default":"https://cdn.freshful.ro/media/cache/sylius_shop_product_thumbnail/a3/14/8ff11019e501b4d6e02e8fcc37ac.jpg"},"large":{"default":"https://cdn.freshful.ro/media/cache/freshful_large/a3/14/8ff11019e501b4d6e02e8fcc37ac.jpg"},"extralarge":{"default":"https://cdn.freshful.ro/media/cache/sylius_shop_product_original/a3/14/8ff11019e501b4d6e02e8fcc37ac.jpg"}},"label":{"text":"-20%","backgroundColor":"#FF9903","textColor":"#FFFFFF"},"tags":[],"isAvailable":true,"maxAvailableQuantity":8,"maxAllowedQuantity":100,"breadcrumbs":[{"code":"11","name":"Cosmetice","slug":"11-cosmetice-si-ingrijire-personala"},{"code":"1111","name":"Dermatocosmetice și parafarmacie","slug":"1111-dermatocosmetice-si-parafarmacie"},{"code":"111102","name":"Dermatocosmetice","slug":"111102-dermato-cosmetice"},{"code":"100128384","name":"Mască purifiantă peel-off Hyseac 50ml","slug":"100128384-uriage-masca-purifianta-peel-off-hyseac-50ml"}],"activePromotion":{"code":"special-cosmetice-21feb-8mar23","name":"Preț redus","targetQuantity":null},"saveMe":null,"labels":[{"type":"v1","items":[{"text":"-20%","backgroundColor":"#FF9903","textColor":"#FFFFFF"}]}],"geniusPrice":null,"geniusUnitPricePerLabel":null,"banner":{"text":"Super preț","textColor":"#FF0000","bgColor":"#FFF2EC","icon":null,"link":"https://www.freshful.ro/oferte/special-cosmetice-21feb-8mar23","type":"promo","analyticsEventType":"select_promotion","analyticsEventPayload":{"promotion_id":"special-cosmetice-21feb-8mar23","promotion_name":"Cadouri pentru sărbătoritele lunii martie"}},"discountLabel":"Economisești 20%","geniusDiscountLabel":null,"badge":null},{"code":"100128398","variantCode":"100128398","name":"Cremă hidratantă textură bogată pentru hidratarea tenului normal cu tendință de uscare Eau Thermale 40ml","slug":"100128398-uriage-crema-hidratanta-textura-bogata-pentru-hidratarea-tenului-normal-cu-tendinta-de-uscare-eau-thermale-40ml","unitPriceLabel":"","brand":"Uriage","brandCode":"2336","brandFilterCode":"uriage-b2349","sku":"100128398","price":44.99,"originalPrice":49.99,"currencyCode":"RON","currency":"Lei","image":{"thumbnail":{"default":"https://cdn.freshful.ro/media/cache/sylius_shop_product_thumbnail/d0/8a/97bfe52a794d2f1733bcdc72024c.jpg"},"large":{"default":"https://cdn.freshful.ro/media/cache/freshful_large/d0/8a/97bfe52a794d2f1733bcdc72024c.jpg"},"extralarge":{"default":"https://cdn.freshful.ro/media/cache/sylius_shop_product_original/d0/8a/97bfe52a794d2f1733bcdc72024c.jpg"}},"label":{"text":"-10%","backgroundColor":"#FF9903","textColor":"#FFFFFF"},"tags":[],"isAvailable":true,"maxAvailableQuantity":7,"maxAllowedQuantity":100,"breadcrumbs":[{"code":"11","name":"Cosmetice","slug":"11-cosmetice-si-ingrijire-personala"},{"code":"1111","name":"Dermatocosmetice și parafarmacie","slug":"1111-dermatocosmetice-si-parafarmacie"},{"code":"111102","name":"Dermatocosmetice","slug":"111102-dermato-cosmetice"},{"code":"100128398","name":"Cremă hidratantă textură bogată pentru hidratarea tenului normal cu tendință de uscare Eau Thermale 40ml","slug":"100128398-uriage-crema-hidratanta-textura-bogata-pentru-hidratarea-tenului-normal-cu-tendinta-de-uscare-eau-thermale-40ml"}],"activePromotion":{"code":"special-cosmetice-21feb-8mar23","name":"Preț redus","targetQuantity":null},"saveMe":null,"labels":[{"type":"v1","items":[{"text":"-10%","backgroundColor":"#FF9903","textColor":"#FFFFFF"}]}],"geniusPrice":null,"geniusUnitPricePerLabel":null,"banner":{"text":"Super preț","textColor":"#FF0000","bgColor":"#FFF2EC","icon":null,"link":"https://www.freshful.ro/oferte/special-cosmetice-21feb-8mar23","type":"promo","analyticsEventType":"select_promotion","analyticsEventPayload":{"promotion_id":"special-cosmetice-21feb-8mar23","promotion_name":"Cadouri pentru sărbătoritele lunii martie"}},"discountLabel":"Economisești 10%","geniusDiscountLabel":null,"badge":null},{"code":"100128386","variantCode":"100128386","name":"Pastă SOS Hyseac 15g","slug":"100128386-uriage-pasta-sos-hyseac-15g","unitPriceLabel":"","brand":"Uriage","brandCode":"2336","brandFilterCode":"uriage-b2349","sku":"100128386","price":41.99,"originalPrice":51.99,"currencyCode":"RON","currency":"Lei","image":{"thumbnail":{"default":"https://cdn.freshful.ro/media/cache/sylius_shop_product_thumbnail/e1/10/8f566aa4c6656c2cb090caa9a2b4.jpg"},"large":{"default":"https://cdn.freshful.ro/media/cache/freshful_large/e1/10/8f566aa4c6656c2cb090caa9a2b4.jpg"},"extralarge":{"default":"https://cdn.freshful.ro/media/cache/sylius_shop_product_original/e1/10/8f566aa4c6656c2cb090caa9a2b4.jpg"}},"label":{"text":"-19%","backgroundColor":"#FF9903","textColor":"#FFFFFF"},"tags":[],"isAvailable":true,"maxAvailableQuantity":5,"maxAllowedQuantity":100,"breadcrumbs":[{"code":"11","name":"Cosmetice","slug":"11-cosmetice-si-ingrijire-personala"},{"code":"1111","name":"Dermatocosmetice și parafarmacie","slug":"1111-dermatocosmetice-si-parafarmacie"},{"code":"111102","name":"Dermatocosmetice","slug":"111102-dermato-cosmetice"},{"code":"100128386","name":"Pastă SOS Hyseac 15g","slug":"100128386-uriage-pasta-sos-hyseac-15g"}],"activePromotion":{"code":"special-cosmetice-21feb-8mar23","name":"Preț redus","targetQuantity":null},"saveMe":null,"labels":[{"type":"v1","items":[{"text":"-19%","backgroundColor":"#FF9903","textColor":"#FFFFFF"}]}],"geniusPrice":null,"geniusUnitPricePerLabel":null,"banner":{"text":"Super preț","textColor":"#FF0000","bgColor":"#FFF2EC","icon":null,"link":"https://www.freshful.ro/oferte/special-cosmetice-21feb-8mar23","type":"promo","analyticsEventType":"select_promotion","analyticsEventPayload":{"promotion_id":"special-cosmetice-21feb-8mar23","promotion_name":"Cadouri pentru sărbătoritele lunii martie"}},"discountLabel":"Economisești 19%","geniusDiscountLabel":null,"badge":null},{"code":"100115416","variantCode":"3600550932690","name":"Cremă de mâini Intense Nourishment 100ml","slug":"100115416-mixa-crema-de-maini-intense-nourishment-100ml","unitPriceLabel":"209,9 Lei/l","brand":"Mixa","brandCode":"445","brandFilterCode":"mixa-b446","sku":"100115416","price":20.99,"originalPrice":26.49,"currencyCode":"RON","currency":"Lei","image":{"thumbnail":{"default":"https://cdn.freshful.ro/media/cache/sylius_shop_product_thumbnail/13/31/2363d3f38594717b39dddb395aff.jpg"},"large":{"default":"https://cdn.freshful.ro/media/cache/freshful_large/13/31/2363d3f38594717b39dddb395aff.jpg"},"extralarge":{"default":"https://cdn.freshful.ro/media/cache/sylius_shop_product_original/13/31/2363d3f38594717b39dddb395aff.jpg"}},"label":{"text":"-20%","backgroundColor":"#FF9903","textColor":"#FFFFFF"},"tags":[],"isAvailable":true,"maxAvailableQuantity":11,"maxAllowedQuantity":100,"breadcrumbs":[{"code":"11","name":"Cosmetice","slug":"11-cosmetice-si-ingrijire-personala"},{"code":"1111","name":"Dermatocosmetice și parafarmacie","slug":"1111-dermatocosmetice-si-parafarmacie"},{"code":"111102","name":"Dermatocosmetice","slug":"111102-dermato-cosmetice"},{"code":"100115416","name":"Cremă de mâini Intense Nourishment 100ml","slug":"100115416-mixa-crema-de-maini-intense-nourishment-100ml"}],"activePromotion":{"code":"special-cosmetice-21feb-8mar23","name":"Preț redus","targetQuantity":null},"saveMe":null,"labels":[{"type":"v1","items":[{"text":"-20%","backgroundColor":"#FF9903","textColor":"#FFFFFF"}]}],"geniusPrice":null,"geniusUnitPricePerLabel":null,"banner":{"text":"Super preț","textColor":"#FF0000","bgColor":"#FFF2EC","icon":null,"link":"https://www.freshful.ro/oferte/special-cosmetice-21feb-8mar23","type":"promo","analyticsEventType":"select_promotion","analyticsEventPayload":{"promotion_id":"special-cosmetice-21feb-8mar23","promotion_name":"Cadouri pentru sărbătoritele lunii martie"}},"discountLabel":"Economisești 20%","geniusDiscountLabel":null,"badge":null},{"code":"100115402","variantCode":"3600550950694","name":"Cremă hidratantă de noapte 50ml","slug":"100115402-mixa-crema-hidratanta-de-noapte-50ml","unitPriceLabel":"511,8 Lei/l","brand":"Mixa","brandCode":"445","brandFilterCode":"mixa-b446","sku":"100115402","price":25.59,"originalPrice":33.19,"currencyCode":"RON","currency":"Lei","image":{"thumbnail":{"default":"https://cdn.freshful.ro/media/cache/sylius_shop_product_thumbnail/34/ab/c7c5ebb4b5b3f307ee5d2004a52e.jpg"},"large":{"default":"https://cdn.freshful.ro/media/cache/freshful_large/34/ab/c7c5ebb4b5b3f307ee5d2004a52e.jpg"},"extralarge":{"default":"https://cdn.freshful.ro/media/cache/sylius_shop_product_original/34/ab/c7c5ebb4b5b3f307ee5d2004a52e.jpg"}},"label":{"text":"-22%","backgroundColor":"#FF9903","textColor":"#FFFFFF"},"tags":[],"isAvailable":true,"maxAvailableQuantity":12,"maxAllowedQuantity":100,"breadcrumbs":[{"code":"11","name":"Cosmetice","slug":"11-cosmetice-si-ingrijire-personala"},{"code":"1111","name":"Dermatocosmetice și parafarmacie","slug":"1111-dermatocosmetice-si-parafarmacie"},{"code":"111102","name":"Dermatocosmetice","slug":"111102-dermato-cosmetice"},{"code":"100115402","name":"Cremă hidratantă de noapte 50ml","slug":"100115402-mixa-crema-hidratanta-de-noapte-50ml"}],"activePromotion":{"code":"special-cosmetice-21feb-8mar23","name":"Preț redus","targetQuantity":null},"saveMe":null,"labels":[{"type":"v1","items":[{"text":"-22%","backgroundColor":"#FF9903","textColor":"#FFFFFF"}]}],"geniusPrice":null,"geniusUnitPricePerLabel":null,"banner":{"text":"Super preț","textColor":"#FF0000","bgColor":"#FFF2EC","icon":null,"link":"https://www.freshful.ro/oferte/special-cosmetice-21feb-8mar23","type":"promo","analyticsEventType":"select_promotion","analyticsEventPayload":{"promotion_id":"special-cosmetice-21feb-8mar23","promotion_name":"Cadouri pentru sărbătoritele lunii martie"}},"discountLabel":"Economisești 22%","geniusDiscountLabel":null,"badge":null}]},{"analyticsListId":"category-slot_repelent","analyticsListName":"Category Slot - Repelent","type":"products_carousel","title":"Repelent","link":{"title":"Mai multe","count":9,"url":"/c/11-cosmetice-si-ingrijire-personala/repelent"},"products":[{"code":"100034672","variantCode":"5000204643893","name":"Spray împotriva țânțarilor 100ml","slug":"100034672-autan-spray-impotriva-tantarilor-100ml","unitPriceLabel":"299,9 Lei/l","brand":"Autan","brandCode":"437","brandFilterCode":"autan-b438","sku":"100034672","price":29.99,"originalPrice":null,"currencyCode":"RON","currency":"Lei","image":{"thumbnail":{"default":"https://cdn.freshful.ro/media/cache/sylius_shop_product_thumbnail/44/d9/87b80073324787b8371c87efe700.jpg"},"large":{"default":"https://cdn.freshful.ro/media/cache/freshful_large/44/d9/87b80073324787b8371c87efe700.jpg"},"extralarge":{"default":"https://cdn.freshful.ro/media/cache/sylius_shop_product_original/44/d9/87b80073324787b8371c87efe700.jpg"}},"label":null,"tags":[],"isAvailable":true,"maxAvailableQuantity":29,"maxAllowedQuantity":100,"breadcrumbs":[{"code":"11","name":"Cosmetice","slug":"11-cosmetice-si-ingrijire-personala"},{"code":"1112","name":"Repelent","slug":"repelent"},{"code":"111201","name":"Spray repelent","slug":"spray-repelent"},{"code":"100034672","name":"Spray împotriva țânțarilor 100ml","slug":"100034672-autan-spray-impotriva-tantarilor-100ml"}],"activePromotion":null,"saveMe":null,"labels":[],"geniusPrice":null,"geniusUnitPricePerLabel":null,"banner":null,"discountLabel":null,"geniusDiscountLabel":null,"badge":null},{"code":"100034673","variantCode":"100034673","name":"Loțiune Tropical împotriva țânțarilor și a căpușelor 100ml","slug":"100034673-autan-lotiune-tropical-impotriva-tantarilor-si-a-capuselor-100ml","unitPriceLabel":"255 Lei/l","brand":"Autan","brandCode":"437","brandFilterCode":"autan-b438","sku":"100034673","price":25.5,"originalPrice":null,"currencyCode":"RON","currency":"Lei","image":{"thumbnail":{"default":"https://cdn.freshful.ro/media/cache/sylius_shop_product_thumbnail/a9/26/1d1b998bd0ed993a5c57dfb8b36f.jpg"},"large":{"default":"https://cdn.freshful.ro/media/cache/freshful_large/a9/26/1d1b998bd0ed993a5c57dfb8b36f.jpg"},"extralarge":{"default":"https://cdn.freshful.ro/media/cache/sylius_shop_product_original/a9/26/1d1b998bd0ed993a5c57dfb8b36f.jpg"}},"label":null,"tags":[],"isAvailable":true,"maxAvailableQuantity":19,"maxAllowedQuantity":100,"breadcrumbs":[{"code":"11","name":"Cosmetice","slug":"11-cosmetice-si-ingrijire-personala"},{"code":"1112","name":"Repelent","slug":"repelent"},{"code":"111202","name":"Loțiune repelentă","slug":"lotiune-repelenta"},{"code":"100034673","name":"Loțiune Tropical împotriva țânțarilor și a căpușelor 100ml","slug":"100034673-autan-lotiune-tropical-impotriva-tantarilor-si-a-capuselor-100ml"}],"activePromotion":null,"saveMe":null,"labels":[],"geniusPrice":null,"geniusUnitPricePerLabel":null,"banner":null,"discountLabel":null,"geniusDiscountLabel":null,"badge":null},{"code":"100034668","variantCode":"5000204165401","name":"Spray împotriva țânțarilor Family Care 100ml","slug":"100034668-autan-spray-impotriva-tantarilor-family-care-100ml","unitPriceLabel":"218,9 Lei/l","brand":"Autan","brandCode":"437","brandFilterCode":"autan-b438","sku":"100034668","price":21.89,"originalPrice":null,"currencyCode":"RON","currency":"Lei","image":{"thumbnail":{"default":"https://cdn.freshful.ro/media/cache/sylius_shop_product_thumbnail/0d/d2/4e982a891828f1e40d920d67e45d.jpg"},"large":{"default":"https://cdn.freshful.ro/media/cache/freshful_large/0d/d2/4e982a891828f1e40d920d67e45d.jpg"},"extralarge":{"default":"https://cdn.freshful.ro/media/cache/sylius_shop_product_original/0d/d2/4e982a891828f1e40d920d67e45d.jpg"}},"label":null,"tags":[],"isAvailable":true,"maxAvailableQuantity":18,"maxAllowedQuantity":100,"breadcrumbs":[{"code":"11","name":"Cosmetice","slug":"11-cosmetice-si-ingrijire-personala"},{"code":"1112","name":"Repelent","slug":"repelent"},{"code":"111201","name":"Spray repelent","slug":"spray-repelent"},{"code":"100034668","name":"Spray împotriva țânțarilor Family Care 100ml","slug":"100034668-autan-spray-impotriva-tantarilor-family-care-100ml"}],"activePromotion":null,"saveMe":null,"labels":[],"geniusPrice":null,"geniusUnitPricePerLabel":null,"banner":null,"discountLabel":null,"geniusDiscountLabel":null,"badge":null},{"code":"100151854","variantCode":"100151854","name":"Spray împotriva țânțarilor și căpușelor 100ml","slug":"100151854-sana-spray-impotriva-tantarilor-si-capuselor-100ml","unitPriceLabel":"149,9 Lei/l","brand":"Sana","brandCode":"2995","brandFilterCode":"sana-b3089","sku":"100151854","price":14.99,"originalPrice":null,"currencyCode":"RON","currency":"Lei","image":{"thumbnail":{"default":"https://cdn.freshful.ro/media/cache/sylius_shop_product_thumbnail/f8/5f/3eb2029b523f3e61aa9357fc6309.jpg"},"large":{"default":"https://cdn.freshful.ro/media/cache/freshful_large/f8/5f/3eb2029b523f3e61aa9357fc6309.jpg"},"extralarge":{"default":"https://cdn.freshful.ro/media/cache/sylius_shop_product_original/f8/5f/3eb2029b523f3e61aa9357fc6309.jpg"}},"label":null,"tags":[],"isAvailable":true,"maxAvailableQuantity":24,"maxAllowedQuantity":100,"breadcrumbs":[{"code":"11","name":"Cosmetice","slug":"11-cosmetice-si-ingrijire-personala"},{"code":"1112","name":"Repelent","slug":"repelent"},{"code":"111201","name":"Spray repelent","slug":"spray-repelent"},{"code":"100151854","name":"Spray împotriva țânțarilor și căpușelor 100ml","slug":"100151854-sana-spray-impotriva-tantarilor-si-capuselor-100ml"}],"activePromotion":null,"saveMe":null,"labels":[],"geniusPrice":null,"geniusUnitPricePerLabel":null,"banner":null,"discountLabel":null,"geniusDiscountLabel":null,"badge":null},{"code":"100034671","variantCode":"5000204704846","name":" Spray împotriva insectelor 100ml ","slug":"100034671-autan-spray-impotriva-insectelor-100ml","unitPriceLabel":"240,9 Lei/l","brand":"Autan","brandCode":"437","brandFilterCode":"autan-b438","sku":"100034671","price":24.09,"originalPrice":null,"currencyCode":"RON","currency":"Lei","image":{"thumbnail":{"default":"https://cdn.freshful.ro/media/cache/sylius_shop_product_thumbnail/82/26/93b62702f43439d8d1591b046ae9.jpg"},"large":{"default":"https://cdn.freshful.ro/media/cache/freshful_large/82/26/93b62702f43439d8d1591b046ae9.jpg"},"extralarge":{"default":"https://cdn.freshful.ro/media/cache/sylius_shop_product_original/82/26/93b62702f43439d8d1591b046ae9.jpg"}},"label":null,"tags":[],"isAvailable":true,"maxAvailableQuantity":51,"maxAllowedQuantity":100,"breadcrumbs":[{"code":"11","name":"Cosmetice","slug":"11-cosmetice-si-ingrijire-personala"},{"code":"1112","name":"Repelent","slug":"repelent"},{"code":"111201","name":"Spray repelent","slug":"spray-repelent"},{"code":"100034671","name":" Spray împotriva insectelor 100ml ","slug":"100034671-autan-spray-impotriva-insectelor-100ml"}],"activePromotion":null,"saveMe":null,"labels":[],"geniusPrice":null,"geniusUnitPricePerLabel":null,"banner":null,"discountLabel":null,"geniusDiscountLabel":null,"badge":null},{"code":"100034669","variantCode":"8002030142318","name":"Loțiune împotriva țânțarilor Family Care 100ml","slug":"100034669-autan-lotiune-impotriva-tantarilor-family-care-100ml","unitPriceLabel":"205 Lei/l","brand":"Autan","brandCode":"437","brandFilterCode":"autan-b438","sku":"100034669","price":20.5,"originalPrice":null,"currencyCode":"RON","currency":"Lei","image":{"thumbnail":{"default":"https://cdn.freshful.ro/media/cache/sylius_shop_product_thumbnail/72/4b/4bd9f59a185ff474e6a13c865ac9.jpg"},"large":{"default":"https://cdn.freshful.ro/media/cache/freshful_large/72/4b/4bd9f59a185ff474e6a13c865ac9.jpg"},"extralarge":{"default":"https://cdn.freshful.ro/media/cache/sylius_shop_product_original/72/4b/4bd9f59a185ff474e6a13c865ac9.jpg"}},"label":null,"tags":[],"isAvailable":true,"maxAvailableQuantity":24,"maxAllowedQuantity":100,"breadcrumbs":[{"code":"11","name":"Cosmetice","slug":"11-cosmetice-si-ingrijire-personala"},{"code":"1112","name":"Repelent","slug":"repelent"},{"code":"111202","name":"Loțiune repelentă","slug":"lotiune-repelenta"},{"code":"100034669","name":"Loțiune împotriva țânțarilor Family Care 100ml","slug":"100034669-autan-lotiune-impotriva-tantarilor-family-care-100ml"}],"activePromotion":null,"saveMe":null,"labels":[],"geniusPrice":null,"geniusUnitPricePerLabel":null,"banner":null,"discountLabel":null,"geniusDiscountLabel":null,"badge":null},{"code":"100034675","variantCode":"5000204201086","name":"Loțiune împotriva căpușelor 100ml ","slug":"100034675-autan-lotiune-impotriva-capuselor-100ml","unitPriceLabel":"239,9 Lei/l","brand":"Autan","brandCode":"437","brandFilterCode":"autan-b438","sku":"100034675","price":23.99,"originalPrice":null,"currencyCode":"RON","currency":"Lei","image":{"thumbnail":{"default":"https://cdn.freshful.ro/media/cache/sylius_shop_product_thumbnail/06/5e/765f2f696858baaaf3acc578b39d.jpg"},"large":{"default":"https://cdn.freshful.ro/media/cache/freshful_large/06/5e/765f2f696858baaaf3acc578b39d.jpg"},"extralarge":{"default":"https://cdn.freshful.ro/media/cache/sylius_shop_product_original/06/5e/765f2f696858baaaf3acc578b39d.jpg"}},"label":null,"tags":[],"isAvailable":true,"maxAvailableQuantity":17,"maxAllowedQuantity":100,"breadcrumbs":[{"code":"11","name":"Cosmetice","slug":"11-cosmetice-si-ingrijire-personala"},{"code":"1112","name":"Repelent","slug":"repelent"},{"code":"111202","name":"Loțiune repelentă","slug":"lotiune-repelenta"},{"code":"100034675","name":"Loțiune împotriva căpușelor 100ml ","slug":"100034675-autan-lotiune-impotriva-capuselor-100ml"}],"activePromotion":null,"saveMe":null,"labels":[],"geniusPrice":null,"geniusUnitPricePerLabel":null,"banner":null,"discountLabel":null,"geniusDiscountLabel":null,"badge":null},{"code":"100034670","variantCode":"100034670","name":" Loțiune cu protecție îndelungată împotriva insectelor 100ml","slug":"100034670-autan-lotiune-cu-protectie-indelungata-impotriva-insectelor-100ml","unitPriceLabel":"248,9 Lei/l","brand":"Autan","brandCode":"437","brandFilterCode":"autan-b438","sku":"100034670","price":24.89,"originalPrice":null,"currencyCode":"RON","currency":"Lei","image":{"thumbnail":{"default":"https://cdn.freshful.ro/media/cache/sylius_shop_product_thumbnail/8f/5a/b59fd05f7abdbfdb7cccb46e21e5.jpg"},"large":{"default":"https://cdn.freshful.ro/media/cache/freshful_large/8f/5a/b59fd05f7abdbfdb7cccb46e21e5.jpg"},"extralarge":{"default":"https://cdn.freshful.ro/media/cache/sylius_shop_product_original/8f/5a/b59fd05f7abdbfdb7cccb46e21e5.jpg"}},"label":null,"tags":[],"isAvailable":true,"maxAvailableQuantity":86,"maxAllowedQuantity":100,"breadcrumbs":[{"code":"11","name":"Cosmetice","slug":"11-cosmetice-si-ingrijire-personala"},{"code":"1112","name":"Repelent","slug":"repelent"},{"code":"111202","name":"Loțiune repelentă","slug":"lotiune-repelenta"},{"code":"100034670","name":" Loțiune cu protecție îndelungată împotriva insectelor 100ml","slug":"100034670-autan-lotiune-cu-protectie-indelungata-impotriva-insectelor-100ml"}],"activePromotion":null,"saveMe":null,"labels":[],"geniusPrice":null,"geniusUnitPricePerLabel":null,"banner":null,"discountLabel":null,"geniusDiscountLabel":null,"badge":null},{"code":"100034674","variantCode":"100034674","name":"Spray pentru țânțari, căpușe și musculițe 100ml","slug":"100034674-autan-spray-pentru-tantari-capuse-si-musculite-100ml","unitPriceLabel":"275 Lei/l","brand":"Autan","brandCode":"437","brandFilterCode":"autan-b438","sku":"100034674","price":27.5,"originalPrice":null,"currencyCode":"RON","currency":"Lei","image":{"thumbnail":{"default":"https://cdn.freshful.ro/media/cache/sylius_shop_product_thumbnail/b1/2c/a72d310dbd9deee26b262d31d422.jpg"},"large":{"default":"https://cdn.freshful.ro/media/cache/freshful_large/b1/2c/a72d310dbd9deee26b262d31d422.jpg"},"extralarge":{"default":"https://cdn.freshful.ro/media/cache/sylius_shop_product_original/b1/2c/a72d310dbd9deee26b262d31d422.jpg"}},"label":null,"tags":[],"isAvailable":true,"maxAvailableQuantity":100,"maxAllowedQuantity":100,"breadcrumbs":[{"code":"11","name":"Cosmetice","slug":"11-cosmetice-si-ingrijire-personala"},{"code":"1112","name":"Repelent","slug":"repelent"},{"code":"111201","name":"Spray repelent","slug":"spray-repelent"},{"code":"100034674","name":"Spray pentru țânțari, căpușe și musculițe 100ml","slug":"100034674-autan-spray-pentru-tantari-capuse-si-musculite-100ml"}],"activePromotion":null,"saveMe":null,"labels":[],"geniusPrice":null,"geniusUnitPricePerLabel":null,"banner":null,"discountLabel":null,"geniusDiscountLabel":null,"badge":null}]}],"page":0,"limit":0,"pages":0,"count":0,"siblings":[],"children":[],"products":[],"filters":null,"orderBy":[],"metaTitle":"Cosmetice - Gamă variată","metaDescription":"Vrei Cosmetice? Alege dintr-o gamă variată. Comanzi simplu și ai livrare rapidă, calitate și prospețime. Hai pe Freshful.ro","metaKeywords":null,"banners":[]}}