{"type":"category","payload":{"analyticsListId":"category_15-pet-shop","analyticsListName":"Category - Pet Shop","name":"Pet Shop","slug":"15-pet-shop","image":null,"breadcrumbs":[{"code":"15","name":"Pet Shop","slug":"15-pet-shop"}],"slots":[{"analyticsListId":"category-slot_1501-pisici","analyticsListName":"Category Slot - Pisici","type":"products_carousel","title":"Pisici","link":{"title":"Mai multe","count":241,"url":"/c/15-pet-shop/1501-pisici"},"products":[{"code":"100062460","variantCode":"100062460","name":"Hrană umedă pentru pisici adulte, 85g, cu pui în sos ","slug":"100062460-sheba-hrana-umeda-pentru-pisici-adulte-85g-cu-pui-in-sos","unitPriceLabel":"29,53 Lei/kg","brand":"Sheba","brandCode":"257","brandFilterCode":"sheba-b258","sku":"100062460","price":2.51,"originalPrice":null,"currencyCode":"RON","currency":"Lei","image":{"thumbnail":{"default":"https://cdn.freshful.ro/media/cache/sylius_shop_product_thumbnail/bf/b1/ea595c5f4b4fd278bc99171abe6c.jpg"},"large":{"default":"https://cdn.freshful.ro/media/cache/freshful_large/bf/b1/ea595c5f4b4fd278bc99171abe6c.jpg"},"extralarge":{"default":"https://cdn.freshful.ro/media/cache/sylius_shop_product_original/bf/b1/ea595c5f4b4fd278bc99171abe6c.jpg"}},"label":{"text":"Profită acum","backgroundColor":"#FF9903","textColor":"#FFFFFF"},"tags":[{"type":"NoPreservatives","text":"Fara conservanti","icon":"https://cdn.freshful.ro/assets/product_tags/fara_conservanti.svg","iconPng":"https://cdn.freshful.ro/assets/product_tags/fara_conservanti.png","backgroundColor":"#F0F2FF","textColor":"#7889DD"}],"isAvailable":true,"maxAvailableQuantity":100,"maxAllowedQuantity":100,"breadcrumbs":[{"code":"15","name":"Pet Shop","slug":"15-pet-shop"},{"code":"1501","name":"Pisici","slug":"1501-pisici"},{"code":"150101","name":"Hrană umedă pisici","slug":"150101-hrana-umeda-pisici"},{"code":"100062460","name":"Hrană umedă pentru pisici adulte, 85g, cu pui în sos ","slug":"100062460-sheba-hrana-umeda-pentru-pisici-adulte-85g-cu-pui-in-sos"}],"activePromotion":{"code":"freshful-top-deals-2023","name":"Preț avantajos","targetQuantity":null},"saveMe":null,"labels":[{"type":"v1","items":[{"text":"Profită acum","backgroundColor":"#FF9903","textColor":"#FFFFFF"}]}],"geniusPrice":null,"geniusUnitPricePerLabel":null,"banner":{"text":"Preț avantajos","textColor":"#F95510","bgColor":"#FEF1CD","icon":null,"link":"https://www.freshful.ro/oferte/freshful-top-deals-2023","type":"promo","analyticsEventType":"select_promotion","analyticsEventPayload":{"promotion_id":"freshful-top-deals-2023","promotion_name":"Profită de Top Deals"}},"discountLabel":null,"geniusDiscountLabel":null,"badge":null},{"code":"100141970","variantCode":"100141970","name":"Așternut natural tofu lavandă 6l","slug":"100141970-no-brand-asternut-natural-tofu-lavanda-6l","unitPriceLabel":"14 Lei/kg","brand":"Miau Miau","brandCode":"2725","brandFilterCode":"miau-miau-b2731","sku":"100141970","price":34.99,"originalPrice":44.49,"currencyCode":"RON","currency":"Lei","image":{"thumbnail":{"default":"https://cdn.freshful.ro/media/cache/sylius_shop_product_thumbnail/6c/e2/f69c255eb8bb173df8a668d8ec3b.jpg"},"large":{"default":"https://cdn.freshful.ro/media/cache/freshful_large/6c/e2/f69c255eb8bb173df8a668d8ec3b.jpg"},"extralarge":{"default":"https://cdn.freshful.ro/media/cache/sylius_shop_product_original/6c/e2/f69c255eb8bb173df8a668d8ec3b.jpg"}},"label":{"text":"-21%","backgroundColor":"#FF9903","textColor":"#FFFFFF"},"tags":[],"isAvailable":true,"maxAvailableQuantity":5,"maxAllowedQuantity":100,"breadcrumbs":[{"code":"15","name":"Pet Shop","slug":"15-pet-shop"},{"code":"1501","name":"Pisici","slug":"1501-pisici"},{"code":"150104","name":"Așternuturi pisici","slug":"150104-asternuturi-pisici"},{"code":"100141970","name":"Așternut natural tofu lavandă 6l","slug":"100141970-no-brand-asternut-natural-tofu-lavanda-6l"}],"activePromotion":{"code":"superpreturile-saptamanii","name":"Preț redus","targetQuantity":null},"saveMe":null,"labels":[{"type":"v1","items":[{"text":"-21%","backgroundColor":"#FF9903","textColor":"#FFFFFF"}]}],"geniusPrice":null,"geniusUnitPricePerLabel":null,"banner":{"text":"Super preț","textColor":"#FF0000","bgColor":"#FFF2EC","icon":null,"link":"https://www.freshful.ro/oferte/superpreturile-saptamanii","type":"promo","analyticsEventType":"select_promotion","analyticsEventPayload":{"promotion_id":"superpreturile-saptamanii","promotion_name":"Superprețurile zilei"}},"discountLabel":"Economisești 21%","geniusDiscountLabel":null,"badge":null},{"code":"100062467","variantCode":"100062467","name":"Hrană uscată pentru pisici junior, 800g, cu pui ","slug":"100062467-whiskas-hrana-uscata-pentru-pisici-junior-800g-cu-pui","unitPriceLabel":"18,63 Lei/kg","brand":"Whiskas","brandCode":"620","brandFilterCode":"whiskas-b621","sku":"100062467","price":14.9,"originalPrice":null,"currencyCode":"RON","currency":"Lei","image":{"thumbnail":{"default":"https://cdn.freshful.ro/media/cache/sylius_shop_product_thumbnail/95/d3/e0257baf4e64a0d5d733b97cff07.jpg"},"large":{"default":"https://cdn.freshful.ro/media/cache/freshful_large/95/d3/e0257baf4e64a0d5d733b97cff07.jpg"},"extralarge":{"default":"https://cdn.freshful.ro/media/cache/sylius_shop_product_original/95/d3/e0257baf4e64a0d5d733b97cff07.jpg"}},"label":{"text":"Profită acum","backgroundColor":"#FF9903","textColor":"#FFFFFF"},"tags":[],"isAvailable":true,"maxAvailableQuantity":26,"maxAllowedQuantity":100,"breadcrumbs":[{"code":"15","name":"Pet Shop","slug":"15-pet-shop"},{"code":"1501","name":"Pisici","slug":"1501-pisici"},{"code":"150102","name":"Hrană uscată pisici","slug":"150102-hrana-uscata-pisici"},{"code":"100062467","name":"Hrană uscată pentru pisici junior, 800g, cu pui ","slug":"100062467-whiskas-hrana-uscata-pentru-pisici-junior-800g-cu-pui"}],"activePromotion":{"code":"freshful-top-deals-2023","name":"Preț avantajos","targetQuantity":null},"saveMe":null,"labels":[{"type":"v1","items":[{"text":"Profită acum","backgroundColor":"#FF9903","textColor":"#FFFFFF"}]}],"geniusPrice":null,"geniusUnitPricePerLabel":null,"banner":{"text":"Preț avantajos","textColor":"#F95510","bgColor":"#FEF1CD","icon":null,"link":"https://www.freshful.ro/oferte/freshful-top-deals-2023","type":"promo","analyticsEventType":"select_promotion","analyticsEventPayload":{"promotion_id":"freshful-top-deals-2023","promotion_name":"Profită de Top Deals"}},"discountLabel":null,"geniusDiscountLabel":null,"badge":null},{"code":"100062463","variantCode":"100062463","name":"Hrană uscată pentru pisici adulte 1.4kg, cu pui ","slug":"100062463-whiskas-hrana-uscata-pentru-pisici-adulte-1-4kg-cu-pui","unitPriceLabel":"15,35 Lei/kg","brand":"Whiskas","brandCode":"620","brandFilterCode":"whiskas-b621","sku":"100062463","price":21.49,"originalPrice":null,"currencyCode":"RON","currency":"Lei","image":{"thumbnail":{"default":"https://cdn.freshful.ro/media/cache/sylius_shop_product_thumbnail/3a/68/9060bbe3abcdab427917642f0d5f.jpg"},"large":{"default":"https://cdn.freshful.ro/media/cache/freshful_large/3a/68/9060bbe3abcdab427917642f0d5f.jpg"},"extralarge":{"default":"https://cdn.freshful.ro/media/cache/sylius_shop_product_original/3a/68/9060bbe3abcdab427917642f0d5f.jpg"}},"label":null,"tags":[],"isAvailable":true,"maxAvailableQuantity":100,"maxAllowedQuantity":100,"breadcrumbs":[{"code":"15","name":"Pet Shop","slug":"15-pet-shop"},{"code":"1501","name":"Pisici","slug":"1501-pisici"},{"code":"150102","name":"Hrană uscată pisici","slug":"150102-hrana-uscata-pisici"},{"code":"100062463","name":"Hrană uscată pentru pisici adulte 1.4kg, cu pui ","slug":"100062463-whiskas-hrana-uscata-pentru-pisici-adulte-1-4kg-cu-pui"}],"activePromotion":null,"saveMe":null,"labels":[],"geniusPrice":null,"geniusUnitPricePerLabel":null,"banner":null,"discountLabel":null,"geniusDiscountLabel":null,"badge":null},{"code":"100062454","variantCode":"100062454","name":"Hrană umedă pentru pisici adulte, 6x50g, cu pui și curcan ","slug":"100062454-sheba-hrana-umeda-pentru-pisici-adulte-6x50g-cu-pui-si-curcan","unitPriceLabel":"37,5 Lei/kg","brand":"Sheba","brandCode":"257","brandFilterCode":"sheba-b258","sku":"100062454","price":11.25,"originalPrice":null,"currencyCode":"RON","currency":"Lei","image":{"thumbnail":{"default":"https://cdn.freshful.ro/media/cache/sylius_shop_product_thumbnail/9c/db/8842d2691a998dd34eef3131968e.jpg"},"large":{"default":"https://cdn.freshful.ro/media/cache/freshful_large/9c/db/8842d2691a998dd34eef3131968e.jpg"},"extralarge":{"default":"https://cdn.freshful.ro/media/cache/sylius_shop_product_original/9c/db/8842d2691a998dd34eef3131968e.jpg"}},"label":null,"tags":[{"type":"NoPreservatives","text":"Fara conservanti","icon":"https://cdn.freshful.ro/assets/product_tags/fara_conservanti.svg","iconPng":"https://cdn.freshful.ro/assets/product_tags/fara_conservanti.png","backgroundColor":"#F0F2FF","textColor":"#7889DD"}],"isAvailable":true,"maxAvailableQuantity":100,"maxAllowedQuantity":100,"breadcrumbs":[{"code":"15","name":"Pet Shop","slug":"15-pet-shop"},{"code":"1501","name":"Pisici","slug":"1501-pisici"},{"code":"150101","name":"Hrană umedă pisici","slug":"150101-hrana-umeda-pisici"},{"code":"100062454","name":"Hrană umedă pentru pisici adulte, 6x50g, cu pui și curcan ","slug":"100062454-sheba-hrana-umeda-pentru-pisici-adulte-6x50g-cu-pui-si-curcan"}],"activePromotion":null,"saveMe":null,"labels":[],"geniusPrice":null,"geniusUnitPricePerLabel":null,"banner":null,"discountLabel":null,"geniusDiscountLabel":null,"badge":null},{"code":"100096097","variantCode":"100096097","name":"Așternut igienic pentru pisici Easy Clean Silicat măr verde 3.2kg/7.5l","slug":"100096097-croci-asternut-igienic-pentru-pisici-easy-clean-silicat-mar-verde-3-2kg-7-5l","unitPriceLabel":"11,07 Lei/l","brand":"Croci","brandCode":"1567","brandFilterCode":"croci-b1571","sku":"100096097","price":82.99,"originalPrice":null,"currencyCode":"RON","currency":"Lei","image":{"thumbnail":{"default":"https://cdn.freshful.ro/media/cache/sylius_shop_product_thumbnail/b4/9c/2574f22d075379517c4e3a28daa4.jpg"},"large":{"default":"https://cdn.freshful.ro/media/cache/freshful_large/b4/9c/2574f22d075379517c4e3a28daa4.jpg"},"extralarge":{"default":"https://cdn.freshful.ro/media/cache/sylius_shop_product_original/b4/9c/2574f22d075379517c4e3a28daa4.jpg"}},"label":null,"tags":[],"isAvailable":true,"maxAvailableQuantity":100,"maxAllowedQuantity":100,"breadcrumbs":[{"code":"15","name":"Pet Shop","slug":"15-pet-shop"},{"code":"1501","name":"Pisici","slug":"1501-pisici"},{"code":"150104","name":"Așternuturi pisici","slug":"150104-asternuturi-pisici"},{"code":"100096097","name":"Așternut igienic pentru pisici Easy Clean Silicat măr verde 3.2kg/7.5l","slug":"100096097-croci-asternut-igienic-pentru-pisici-easy-clean-silicat-mar-verde-3-2kg-7-5l"}],"activePromotion":null,"saveMe":null,"labels":[],"geniusPrice":null,"geniusUnitPricePerLabel":null,"banner":null,"discountLabel":null,"geniusDiscountLabel":null,"badge":null},{"code":"100124268","variantCode":"100124268","name":"Hrană uscată pentru pisici sterilizate, 800g, One cu vită și grâu","slug":"100124268-purina-hrana-uscata-pentru-pisici-sterilizate-800g-one-cu-vita-si-grau","unitPriceLabel":"27,34 Lei/kg","brand":"Purina","brandCode":"2448","brandFilterCode":"purina-b2452","sku":"100124268","price":22.69,"originalPrice":null,"currencyCode":"RON","currency":"Lei","image":{"thumbnail":{"default":"https://cdn.freshful.ro/media/cache/sylius_shop_product_thumbnail/07/61/bbec0e90375d57e3cf87f283fd42.jpg"},"large":{"default":"https://cdn.freshful.ro/media/cache/freshful_large/07/61/bbec0e90375d57e3cf87f283fd42.jpg"},"extralarge":{"default":"https://cdn.freshful.ro/media/cache/sylius_shop_product_original/07/61/bbec0e90375d57e3cf87f283fd42.jpg"}},"label":null,"tags":[],"isAvailable":true,"maxAvailableQuantity":100,"maxAllowedQuantity":100,"breadcrumbs":[{"code":"15","name":"Pet Shop","slug":"15-pet-shop"},{"code":"1501","name":"Pisici","slug":"1501-pisici"},{"code":"150102","name":"Hrană uscată pisici","slug":"150102-hrana-uscata-pisici"},{"code":"100124268","name":"Hrană uscată pentru pisici sterilizate, 800g, One cu vită și grâu","slug":"100124268-purina-hrana-uscata-pentru-pisici-sterilizate-800g-one-cu-vita-si-grau"}],"activePromotion":null,"saveMe":null,"labels":[],"geniusPrice":null,"geniusUnitPricePerLabel":null,"banner":null,"discountLabel":null,"geniusDiscountLabel":null,"badge":null},{"code":"100139027","variantCode":"100139027","name":" Hrană umedă pentru pisici, 4x85g, Multipack Mousse vită, ton, ficat și curcan","slug":"100139027-gourmet-gold-hrana-umeda-pentru-pisici-4x85g-multipack-mousse-vita-ton-ficat-si-curcan","unitPriceLabel":"33,79 Lei/kg","brand":"Gourmet Gold","brandCode":"2210","brandFilterCode":"gourmet-gold-b2214","sku":"100139027","price":11.49,"originalPrice":null,"currencyCode":"RON","currency":"Lei","image":{"thumbnail":{"default":"https://cdn.freshful.ro/media/cache/sylius_shop_product_thumbnail/1c/3a/459488a8c74a2658b006a764414b.jpg"},"large":{"default":"https://cdn.freshful.ro/media/cache/freshful_large/1c/3a/459488a8c74a2658b006a764414b.jpg"},"extralarge":{"default":"https://cdn.freshful.ro/media/cache/sylius_shop_product_original/1c/3a/459488a8c74a2658b006a764414b.jpg"}},"label":null,"tags":[],"isAvailable":true,"maxAvailableQuantity":100,"maxAllowedQuantity":100,"breadcrumbs":[{"code":"15","name":"Pet Shop","slug":"15-pet-shop"},{"code":"1501","name":"Pisici","slug":"1501-pisici"},{"code":"150101","name":"Hrană umedă pisici","slug":"150101-hrana-umeda-pisici"},{"code":"100139027","name":" Hrană umedă pentru pisici, 4x85g, Multipack Mousse vită, ton, ficat și curcan","slug":"100139027-gourmet-gold-hrana-umeda-pentru-pisici-4x85g-multipack-mousse-vita-ton-ficat-si-curcan"}],"activePromotion":null,"saveMe":null,"labels":[],"geniusPrice":null,"geniusUnitPricePerLabel":null,"banner":null,"discountLabel":null,"geniusDiscountLabel":null,"badge":null},{"code":"100062453","variantCode":"100062453","name":"Hrană umedă pentru pisici adulte, 6x50g, cu pește ","slug":"100062453-sheba-hrana-umeda-pentru-pisici-adulte-6x50g-cu-peste","unitPriceLabel":"37,5 Lei/kg","brand":"Sheba","brandCode":"257","brandFilterCode":"sheba-b258","sku":"100062453","price":11.25,"originalPrice":null,"currencyCode":"RON","currency":"Lei","image":{"thumbnail":{"default":"https://cdn.freshful.ro/media/cache/sylius_shop_product_thumbnail/fa/da/20e7b5f36a2b7f5614381e2df294.jpg"},"large":{"default":"https://cdn.freshful.ro/media/cache/freshful_large/fa/da/20e7b5f36a2b7f5614381e2df294.jpg"},"extralarge":{"default":"https://cdn.freshful.ro/media/cache/sylius_shop_product_original/fa/da/20e7b5f36a2b7f5614381e2df294.jpg"}},"label":null,"tags":[{"type":"NoPreservatives","text":"Fara conservanti","icon":"https://cdn.freshful.ro/assets/product_tags/fara_conservanti.svg","iconPng":"https://cdn.freshful.ro/assets/product_tags/fara_conservanti.png","backgroundColor":"#F0F2FF","textColor":"#7889DD"}],"isAvailable":true,"maxAvailableQuantity":100,"maxAllowedQuantity":100,"breadcrumbs":[{"code":"15","name":"Pet Shop","slug":"15-pet-shop"},{"code":"1501","name":"Pisici","slug":"1501-pisici"},{"code":"150101","name":"Hrană umedă pisici","slug":"150101-hrana-umeda-pisici"},{"code":"100062453","name":"Hrană umedă pentru pisici adulte, 6x50g, cu pește ","slug":"100062453-sheba-hrana-umeda-pentru-pisici-adulte-6x50g-cu-peste"}],"activePromotion":null,"saveMe":null,"labels":[],"geniusPrice":null,"geniusUnitPricePerLabel":null,"banner":null,"discountLabel":null,"geniusDiscountLabel":null,"badge":null},{"code":"100124238","variantCode":"100124238","name":"Hrană umedă pentru pisici, 6x50, cu vită, vânat și ficat în sos","slug":"100124238-gourmet-mon-petit-hrana-umeda-pentru-pisici-6x50-cu-vita-vanat-si-ficat-in-sos","unitPriceLabel":"33,82 Lei/kg","brand":"Gourmet Mon Petit","brandCode":"2211","brandFilterCode":"gourmet-mon-petit-b2215","sku":"100124238","price":11.5,"originalPrice":null,"currencyCode":"RON","currency":"Lei","image":{"thumbnail":{"default":"https://cdn.freshful.ro/media/cache/sylius_shop_product_thumbnail/ea/9d/545bbe733a4e5327fca469f72369.jpg"},"large":{"default":"https://cdn.freshful.ro/media/cache/freshful_large/ea/9d/545bbe733a4e5327fca469f72369.jpg"},"extralarge":{"default":"https://cdn.freshful.ro/media/cache/sylius_shop_product_original/ea/9d/545bbe733a4e5327fca469f72369.jpg"}},"label":null,"tags":[],"isAvailable":true,"maxAvailableQuantity":83,"maxAllowedQuantity":100,"breadcrumbs":[{"code":"15","name":"Pet Shop","slug":"15-pet-shop"},{"code":"1501","name":"Pisici","slug":"1501-pisici"},{"code":"150101","name":"Hrană umedă pisici","slug":"150101-hrana-umeda-pisici"},{"code":"100124238","name":"Hrană umedă pentru pisici, 6x50, cu vită, vânat și ficat în sos","slug":"100124238-gourmet-mon-petit-hrana-umeda-pentru-pisici-6x50-cu-vita-vanat-si-ficat-in-sos"}],"activePromotion":null,"saveMe":null,"labels":[],"geniusPrice":null,"geniusUnitPricePerLabel":null,"banner":null,"discountLabel":null,"geniusDiscountLabel":null,"badge":null}]},{"analyticsListId":"category-slot_1502-caini","analyticsListName":"Category Slot - Câini","type":"products_carousel","title":"Câini","link":{"title":"Mai multe","count":266,"url":"/c/15-pet-shop/1502-caini"},"products":[{"code":"100141705","variantCode":"100141705","name":"Hrană uscată pentru câini, 15Kg, Giant Junior","slug":"100141705-royal-canin-hrana-uscata-pentru-caini-15kg-giant-junior","unitPriceLabel":"19,33 Lei/kg","brand":"Royal Canin","brandCode":"2714","brandFilterCode":"royal-canin-b2721","sku":"100141705","price":289.99,"originalPrice":339.99,"currencyCode":"RON","currency":"Lei","image":{"thumbnail":{"default":"https://cdn.freshful.ro/media/cache/sylius_shop_product_thumbnail/8f/8d/d49263139be1e1aa9d4429d227bf.jpg"},"large":{"default":"https://cdn.freshful.ro/media/cache/freshful_large/8f/8d/d49263139be1e1aa9d4429d227bf.jpg"},"extralarge":{"default":"https://cdn.freshful.ro/media/cache/sylius_shop_product_original/8f/8d/d49263139be1e1aa9d4429d227bf.jpg"}},"label":{"text":"-14%","backgroundColor":"#FF9903","textColor":"#FFFFFF"},"tags":[],"isAvailable":true,"maxAvailableQuantity":7,"maxAllowedQuantity":100,"breadcrumbs":[{"code":"15","name":"Pet Shop","slug":"15-pet-shop"},{"code":"1502","name":"Câini","slug":"1502-caini"},{"code":"150202","name":"Hrană uscată câini","slug":"150202-hrana-uscata-caini"},{"code":"100141705","name":"Hrană uscată pentru câini, 15Kg, Giant Junior","slug":"100141705-royal-canin-hrana-uscata-pentru-caini-15kg-giant-junior"}],"activePromotion":{"code":"oferte-bacanie-bauturi-21feb-8mar23","name":"Preț redus","targetQuantity":null},"saveMe":null,"labels":[{"type":"v1","items":[{"text":"-14%","backgroundColor":"#FF9903","textColor":"#FFFFFF"}]}],"geniusPrice":null,"geniusUnitPricePerLabel":null,"banner":{"text":"Super preț","textColor":"#FF0000","bgColor":"#FFF2EC","icon":null,"link":"https://www.freshful.ro/oferte/oferte-bacanie-bauturi-21feb-8mar23","type":"promo","analyticsEventType":"select_promotion","analyticsEventPayload":{"promotion_id":"oferte-bacanie-bauturi-21feb-8mar23","promotion_name":"Cămara cu băuturi și bunătăți"}},"discountLabel":"Economisești 14%","geniusDiscountLabel":null,"badge":null},{"code":"100141700","variantCode":"100141700","name":"Hrană uscată pentru câini, 15Kg, Medium Adult 7+","slug":"100141700-royal-canin-hrana-uscata-pentru-caini-15kg-medium-adult-7","unitPriceLabel":"19,33 Lei/kg","brand":"Royal Canin","brandCode":"2714","brandFilterCode":"royal-canin-b2721","sku":"100141700","price":289.99,"originalPrice":329.99,"currencyCode":"RON","currency":"Lei","image":{"thumbnail":{"default":"https://cdn.freshful.ro/media/cache/sylius_shop_product_thumbnail/17/74/15598fa8c3fa1d38d64559350d92.jpg"},"large":{"default":"https://cdn.freshful.ro/media/cache/freshful_large/17/74/15598fa8c3fa1d38d64559350d92.jpg"},"extralarge":{"default":"https://cdn.freshful.ro/media/cache/sylius_shop_product_original/17/74/15598fa8c3fa1d38d64559350d92.jpg"}},"label":{"text":"-12%","backgroundColor":"#FF9903","textColor":"#FFFFFF"},"tags":[],"isAvailable":true,"maxAvailableQuantity":14,"maxAllowedQuantity":100,"breadcrumbs":[{"code":"15","name":"Pet Shop","slug":"15-pet-shop"},{"code":"1502","name":"Câini","slug":"1502-caini"},{"code":"150202","name":"Hrană uscată câini","slug":"150202-hrana-uscata-caini"},{"code":"100141700","name":"Hrană uscată pentru câini, 15Kg, Medium Adult 7+","slug":"100141700-royal-canin-hrana-uscata-pentru-caini-15kg-medium-adult-7"}],"activePromotion":{"code":"oferte-bacanie-bauturi-21feb-8mar23","name":"Preț redus","targetQuantity":null},"saveMe":null,"labels":[{"type":"v1","items":[{"text":"-12%","backgroundColor":"#FF9903","textColor":"#FFFFFF"}]}],"geniusPrice":null,"geniusUnitPricePerLabel":null,"banner":{"text":"Super preț","textColor":"#FF0000","bgColor":"#FFF2EC","icon":null,"link":"https://www.freshful.ro/oferte/oferte-bacanie-bauturi-21feb-8mar23","type":"promo","analyticsEventType":"select_promotion","analyticsEventPayload":{"promotion_id":"oferte-bacanie-bauturi-21feb-8mar23","promotion_name":"Cămara cu băuturi și bunătăți"}},"discountLabel":"Economisești 12%","geniusDiscountLabel":null,"badge":null},{"code":"100141704","variantCode":"100141704","name":"Hrană uscată pentru câini, 15Kg, Giant Puppy","slug":"100141704-royal-canin-hrana-uscata-pentru-caini-15kg-giant-puppy","unitPriceLabel":"19,33 Lei/kg","brand":"Royal Canin","brandCode":"2714","brandFilterCode":"royal-canin-b2721","sku":"100141704","price":289.99,"originalPrice":329.99,"currencyCode":"RON","currency":"Lei","image":{"thumbnail":{"default":"https://cdn.freshful.ro/media/cache/sylius_shop_product_thumbnail/c4/54/17b7f78907d62236de0aca3fd9ee.jpg"},"large":{"default":"https://cdn.freshful.ro/media/cache/freshful_large/c4/54/17b7f78907d62236de0aca3fd9ee.jpg"},"extralarge":{"default":"https://cdn.freshful.ro/media/cache/sylius_shop_product_original/c4/54/17b7f78907d62236de0aca3fd9ee.jpg"}},"label":{"text":"-12%","backgroundColor":"#FF9903","textColor":"#FFFFFF"},"tags":[],"isAvailable":true,"maxAvailableQuantity":10,"maxAllowedQuantity":100,"breadcrumbs":[{"code":"15","name":"Pet Shop","slug":"15-pet-shop"},{"code":"1502","name":"Câini","slug":"1502-caini"},{"code":"150202","name":"Hrană uscată câini","slug":"150202-hrana-uscata-caini"},{"code":"100141704","name":"Hrană uscată pentru câini, 15Kg, Giant Puppy","slug":"100141704-royal-canin-hrana-uscata-pentru-caini-15kg-giant-puppy"}],"activePromotion":{"code":"oferte-bacanie-bauturi-21feb-8mar23","name":"Preț redus","targetQuantity":null},"saveMe":null,"labels":[{"type":"v1","items":[{"text":"-12%","backgroundColor":"#FF9903","textColor":"#FFFFFF"}]}],"geniusPrice":null,"geniusUnitPricePerLabel":null,"banner":{"text":"Super preț","textColor":"#FF0000","bgColor":"#FFF2EC","icon":null,"link":"https://www.freshful.ro/oferte/oferte-bacanie-bauturi-21feb-8mar23","type":"promo","analyticsEventType":"select_promotion","analyticsEventPayload":{"promotion_id":"oferte-bacanie-bauturi-21feb-8mar23","promotion_name":"Cămara cu băuturi și bunătăți"}},"discountLabel":"Economisești 12%","geniusDiscountLabel":null,"badge":null},{"code":"100120709","variantCode":"100120709","name":"Recompensă pentru câini, os presat carne vită 10cm","slug":"100120709-mr-bandit-recompensa-pentru-caini-os-presat-carne-vita-10cm","unitPriceLabel":"41,9 Lei/kg","brand":"Mr. Bandit","brandCode":"2070","brandFilterCode":"mr-bandit-b2074","sku":"100120709","price":4.19,"originalPrice":null,"currencyCode":"RON","currency":"Lei","image":{"thumbnail":{"default":"https://cdn.freshful.ro/media/cache/sylius_shop_product_thumbnail/d9/11/e197e5ebf10d916d52cfa8f5af73.jpg"},"large":{"default":"https://cdn.freshful.ro/media/cache/freshful_large/d9/11/e197e5ebf10d916d52cfa8f5af73.jpg"},"extralarge":{"default":"https://cdn.freshful.ro/media/cache/sylius_shop_product_original/d9/11/e197e5ebf10d916d52cfa8f5af73.jpg"}},"label":null,"tags":[],"isAvailable":true,"maxAvailableQuantity":77,"maxAllowedQuantity":100,"breadcrumbs":[{"code":"15","name":"Pet Shop","slug":"15-pet-shop"},{"code":"1502","name":"Câini","slug":"1502-caini"},{"code":"150203","name":"Biscuiți și recompense câini","slug":"150203-biscuiti-si-recompense-caini"},{"code":"100120709","name":"Recompensă pentru câini, os presat carne vită 10cm","slug":"100120709-mr-bandit-recompensa-pentru-caini-os-presat-carne-vita-10cm"}],"activePromotion":null,"saveMe":null,"labels":[],"geniusPrice":null,"geniusUnitPricePerLabel":null,"banner":null,"discountLabel":null,"geniusDiscountLabel":null,"badge":null},{"code":"100040158","variantCode":"100040158","name":"Hrană umedă pentru câini adulți, 4x100g, selecții de carne în sos ","slug":"100040158-cesar-hrana-umeda-pentru-caini-adulti-4x100g-selectii-de-carne-in-sos","unitPriceLabel":"27,23 Lei/kg","brand":"Cesar","brandCode":"250","brandFilterCode":"cesar-b251","sku":"100040158","price":10.89,"originalPrice":null,"currencyCode":"RON","currency":"Lei","image":{"thumbnail":{"default":"https://cdn.freshful.ro/media/cache/sylius_shop_product_thumbnail/3b/da/7e62de0b7678110987cf1d52144f.jpg"},"large":{"default":"https://cdn.freshful.ro/media/cache/freshful_large/3b/da/7e62de0b7678110987cf1d52144f.jpg"},"extralarge":{"default":"https://cdn.freshful.ro/media/cache/sylius_shop_product_original/3b/da/7e62de0b7678110987cf1d52144f.jpg"}},"label":null,"tags":[],"isAvailable":true,"maxAvailableQuantity":100,"maxAllowedQuantity":100,"breadcrumbs":[{"code":"15","name":"Pet Shop","slug":"15-pet-shop"},{"code":"1502","name":"Câini","slug":"1502-caini"},{"code":"150201","name":"Hrană umedă câini","slug":"150201-hrana-umeda-caini"},{"code":"100040158","name":"Hrană umedă pentru câini adulți, 4x100g, selecții de carne în sos ","slug":"100040158-cesar-hrana-umeda-pentru-caini-adulti-4x100g-selectii-de-carne-in-sos"}],"activePromotion":null,"saveMe":null,"labels":[],"geniusPrice":null,"geniusUnitPricePerLabel":null,"banner":null,"discountLabel":null,"geniusDiscountLabel":null,"badge":null},{"code":"100062426","variantCode":"100062426","name":"Batoane dentare pentru câini, 270g, de talie mare, DentaStix","slug":"100062426-pedigree-batoane-dentare-pentru-caini-270g-de-talie-mare-dentastix","unitPriceLabel":"55,93 Lei/kg","brand":"Pedigree","brandCode":"255","brandFilterCode":"pedigree-b256","sku":"100062426","price":15.1,"originalPrice":null,"currencyCode":"RON","currency":"Lei","image":{"thumbnail":{"default":"https://cdn.freshful.ro/media/cache/sylius_shop_product_thumbnail/f5/5c/6694af28259303c950f5ac5ec5af.jpg"},"large":{"default":"https://cdn.freshful.ro/media/cache/freshful_large/f5/5c/6694af28259303c950f5ac5ec5af.jpg"},"extralarge":{"default":"https://cdn.freshful.ro/media/cache/sylius_shop_product_original/f5/5c/6694af28259303c950f5ac5ec5af.jpg"}},"label":null,"tags":[],"isAvailable":true,"maxAvailableQuantity":94,"maxAllowedQuantity":100,"breadcrumbs":[{"code":"15","name":"Pet Shop","slug":"15-pet-shop"},{"code":"1502","name":"Câini","slug":"1502-caini"},{"code":"150203","name":"Biscuiți și recompense câini","slug":"150203-biscuiti-si-recompense-caini"},{"code":"100062426","name":"Batoane dentare pentru câini, 270g, de talie mare, DentaStix","slug":"100062426-pedigree-batoane-dentare-pentru-caini-270g-de-talie-mare-dentastix"}],"activePromotion":null,"saveMe":null,"labels":[],"geniusPrice":null,"geniusUnitPricePerLabel":null,"banner":null,"discountLabel":null,"geniusDiscountLabel":null,"badge":null},{"code":"100141974","variantCode":"100141974","name":"Covorașe super absorbante 60*60, 10buc ","slug":"100141974-no-brand-covorase-super-absorbante-60-60-10buc","unitPriceLabel":"","brand":"4Dog","brandCode":"2726","brandFilterCode":"4dog-b2732","sku":"100141974","price":22.99,"originalPrice":null,"currencyCode":"RON","currency":"Lei","image":{"thumbnail":{"default":"https://cdn.freshful.ro/media/cache/sylius_shop_product_thumbnail/f9/f9/05a114a83ceb2903951bd1b3e4a1.jpg"},"large":{"default":"https://cdn.freshful.ro/media/cache/freshful_large/f9/f9/05a114a83ceb2903951bd1b3e4a1.jpg"},"extralarge":{"default":"https://cdn.freshful.ro/media/cache/sylius_shop_product_original/f9/f9/05a114a83ceb2903951bd1b3e4a1.jpg"}},"label":null,"tags":[],"isAvailable":true,"maxAvailableQuantity":40,"maxAllowedQuantity":100,"breadcrumbs":[{"code":"15","name":"Pet Shop","slug":"15-pet-shop"},{"code":"1502","name":"Câini","slug":"1502-caini"},{"code":"150204","name":"Accesorii câini","slug":"150204-accesorii-caini"},{"code":"100141974","name":"Covorașe super absorbante 60*60, 10buc ","slug":"100141974-no-brand-covorase-super-absorbante-60-60-10buc"}],"activePromotion":null,"saveMe":null,"labels":[],"geniusPrice":null,"geniusUnitPricePerLabel":null,"banner":null,"discountLabel":null,"geniusDiscountLabel":null,"badge":null},{"code":"100040154","variantCode":"100040154","name":"Hrană umedă pentru câini adulți, 150g, cu curcan și vită","slug":"100040154-cesar-hrana-umeda-pentru-caini-adulti-150g-cu-curcan-si-vita","unitPriceLabel":"27 Lei/kg","brand":"Cesar","brandCode":"250","brandFilterCode":"cesar-b251","sku":"100040154","price":4.05,"originalPrice":null,"currencyCode":"RON","currency":"Lei","image":{"thumbnail":{"default":"https://cdn.freshful.ro/media/cache/sylius_shop_product_thumbnail/08/c0/eee23c2665088e672dc0e627553c.jpg"},"large":{"default":"https://cdn.freshful.ro/media/cache/freshful_large/08/c0/eee23c2665088e672dc0e627553c.jpg"},"extralarge":{"default":"https://cdn.freshful.ro/media/cache/sylius_shop_product_original/08/c0/eee23c2665088e672dc0e627553c.jpg"}},"label":null,"tags":[],"isAvailable":true,"maxAvailableQuantity":100,"maxAllowedQuantity":100,"breadcrumbs":[{"code":"15","name":"Pet Shop","slug":"15-pet-shop"},{"code":"1502","name":"Câini","slug":"1502-caini"},{"code":"150201","name":"Hrană umedă câini","slug":"150201-hrana-umeda-caini"},{"code":"100040154","name":"Hrană umedă pentru câini adulți, 150g, cu curcan și vită","slug":"100040154-cesar-hrana-umeda-pentru-caini-adulti-150g-cu-curcan-si-vita"}],"activePromotion":null,"saveMe":null,"labels":[],"geniusPrice":null,"geniusUnitPricePerLabel":null,"banner":null,"discountLabel":null,"geniusDiscountLabel":null,"badge":null},{"code":"100040204","variantCode":"100040204","name":"Hrană umedă pentru câini adulți, 100g, cu miel în aspic ","slug":"100040204-pedigree-hrana-umeda-pentru-caini-adulti-100g-cu-miel-in-aspic","unitPriceLabel":"26,9 Lei/kg","brand":"Pedigree","brandCode":"255","brandFilterCode":"pedigree-b256","sku":"100040204","price":2.69,"originalPrice":null,"currencyCode":"RON","currency":"Lei","image":{"thumbnail":{"default":"https://cdn.freshful.ro/media/cache/sylius_shop_product_thumbnail/f6/c5/0d32234074490a9c7ac8d0600bf3.jpg"},"large":{"default":"https://cdn.freshful.ro/media/cache/freshful_large/f6/c5/0d32234074490a9c7ac8d0600bf3.jpg"},"extralarge":{"default":"https://cdn.freshful.ro/media/cache/sylius_shop_product_original/f6/c5/0d32234074490a9c7ac8d0600bf3.jpg"}},"label":null,"tags":[],"isAvailable":true,"maxAvailableQuantity":100,"maxAllowedQuantity":100,"breadcrumbs":[{"code":"15","name":"Pet Shop","slug":"15-pet-shop"},{"code":"1502","name":"Câini","slug":"1502-caini"},{"code":"150201","name":"Hrană umedă câini","slug":"150201-hrana-umeda-caini"},{"code":"100040204","name":"Hrană umedă pentru câini adulți, 100g, cu miel în aspic ","slug":"100040204-pedigree-hrana-umeda-pentru-caini-adulti-100g-cu-miel-in-aspic"}],"activePromotion":null,"saveMe":null,"labels":[],"geniusPrice":null,"geniusUnitPricePerLabel":null,"banner":null,"discountLabel":null,"geniusDiscountLabel":null,"badge":null},{"code":"100040193","variantCode":"100040193","name":"Hrană umedă pentru câini adulți, 100g, cu vită și miel în sos ","slug":"100040193-pedigree-hrana-umeda-pentru-caini-adulti-100g-cu-vita-si-miel-in-sos","unitPriceLabel":"25,9 Lei/kg","brand":"Pedigree","brandCode":"255","brandFilterCode":"pedigree-b256","sku":"100040193","price":2.59,"originalPrice":null,"currencyCode":"RON","currency":"Lei","image":{"thumbnail":{"default":"https://cdn.freshful.ro/media/cache/sylius_shop_product_thumbnail/58/3b/3f49de197078eb464f54ea9752f0.jpg"},"large":{"default":"https://cdn.freshful.ro/media/cache/freshful_large/58/3b/3f49de197078eb464f54ea9752f0.jpg"},"extralarge":{"default":"https://cdn.freshful.ro/media/cache/sylius_shop_product_original/58/3b/3f49de197078eb464f54ea9752f0.jpg"}},"label":null,"tags":[],"isAvailable":true,"maxAvailableQuantity":100,"maxAllowedQuantity":100,"breadcrumbs":[{"code":"15","name":"Pet Shop","slug":"15-pet-shop"},{"code":"1502","name":"Câini","slug":"1502-caini"},{"code":"150201","name":"Hrană umedă câini","slug":"150201-hrana-umeda-caini"},{"code":"100040193","name":"Hrană umedă pentru câini adulți, 100g, cu vită și miel în sos ","slug":"100040193-pedigree-hrana-umeda-pentru-caini-adulti-100g-cu-vita-si-miel-in-sos"}],"activePromotion":null,"saveMe":null,"labels":[],"geniusPrice":null,"geniusUnitPricePerLabel":null,"banner":null,"discountLabel":null,"geniusDiscountLabel":null,"badge":null}]},{"analyticsListId":"category-slot_1503-pasari-si-rozatoare","analyticsListName":"Category Slot - Păsări și rozătoare","type":"products_carousel","title":"Păsări și rozătoare","link":{"title":"Mai multe","count":50,"url":"/c/15-pet-shop/1503-pasari-si-rozatoare"},"products":[{"code":"100102731","variantCode":"100102731","name":"Baton pentru papagali mari, 2x75g, cu fructe tropicale","slug":"100102731-rio-baton-pentru-papagali-mari-2x75g-cu-fructe-tropicale","unitPriceLabel":"59,93 Lei/kg","brand":"Rio","brandCode":"1565","brandFilterCode":"rio-b1569","sku":"100102731","price":8.99,"originalPrice":14.99,"currencyCode":"RON","currency":"Lei","image":{"thumbnail":{"default":"https://cdn.freshful.ro/media/cache/sylius_shop_product_thumbnail/8d/e6/a69b05af92a02a3c4cf7075ea481.jpg"},"large":{"default":"https://cdn.freshful.ro/media/cache/freshful_large/8d/e6/a69b05af92a02a3c4cf7075ea481.jpg"},"extralarge":{"default":"https://cdn.freshful.ro/media/cache/sylius_shop_product_original/8d/e6/a69b05af92a02a3c4cf7075ea481.jpg"}},"label":{"text":"-40%","backgroundColor":"#FF9903","textColor":"#FFFFFF"},"tags":[],"isAvailable":true,"maxAvailableQuantity":5,"maxAllowedQuantity":100,"breadcrumbs":[{"code":"15","name":"Pet Shop","slug":"15-pet-shop"},{"code":"1503","name":"Păsări și rozătoare","slug":"1503-pasari-si-rozatoare"},{"code":"150301","name":"Păsări","slug":"150301-pasari"},{"code":"100102731","name":"Baton pentru papagali mari, 2x75g, cu fructe tropicale","slug":"100102731-rio-baton-pentru-papagali-mari-2x75g-cu-fructe-tropicale"}],"activePromotion":{"code":"oferte-bacanie-bauturi-21feb-8mar23","name":"Preț redus","targetQuantity":null},"saveMe":null,"labels":[{"type":"v1","items":[{"text":"-40%","backgroundColor":"#FF9903","textColor":"#FFFFFF"}]}],"geniusPrice":null,"geniusUnitPricePerLabel":null,"banner":{"text":"Super preț","textColor":"#FF0000","bgColor":"#FFF2EC","icon":null,"link":"https://www.freshful.ro/oferte/oferte-bacanie-bauturi-21feb-8mar23","type":"promo","analyticsEventType":"select_promotion","analyticsEventPayload":{"promotion_id":"oferte-bacanie-bauturi-21feb-8mar23","promotion_name":"Cămara cu băuturi și bunătăți"}},"discountLabel":"Economisești 40%","geniusDiscountLabel":null,"badge":null},{"code":"100102721","variantCode":"100102721","name":"Hrană peruși 500g","slug":"100102721-rio-hrana-perusi-500g","unitPriceLabel":"19,56 Lei/kg","brand":"Rio","brandCode":"1565","brandFilterCode":"rio-b1569","sku":"100102721","price":9.78,"originalPrice":null,"currencyCode":"RON","currency":"Lei","image":{"thumbnail":{"default":"https://cdn.freshful.ro/media/cache/sylius_shop_product_thumbnail/f0/ac/15ff168e19cd82d0c5d855707e4d.jpg"},"large":{"default":"https://cdn.freshful.ro/media/cache/freshful_large/f0/ac/15ff168e19cd82d0c5d855707e4d.jpg"},"extralarge":{"default":"https://cdn.freshful.ro/media/cache/sylius_shop_product_original/f0/ac/15ff168e19cd82d0c5d855707e4d.jpg"}},"label":null,"tags":[],"isAvailable":true,"maxAvailableQuantity":16,"maxAllowedQuantity":100,"breadcrumbs":[{"code":"15","name":"Pet Shop","slug":"15-pet-shop"},{"code":"1503","name":"Păsări și rozătoare","slug":"1503-pasari-si-rozatoare"},{"code":"150301","name":"Păsări","slug":"150301-pasari"},{"code":"100102721","name":"Hrană peruși 500g","slug":"100102721-rio-hrana-perusi-500g"}],"activePromotion":null,"saveMe":null,"labels":[],"geniusPrice":null,"geniusUnitPricePerLabel":null,"banner":null,"discountLabel":null,"geniusDiscountLabel":null,"badge":null},{"code":"100102748","variantCode":"100102748","name":"Talaș pentru rozătoare 1kg ","slug":"100102748-croci-talas-pentru-rozatoare-1kg","unitPriceLabel":"8,99 Lei/kg","brand":"Croci","brandCode":"1567","brandFilterCode":"croci-b1571","sku":"100102748","price":8.99,"originalPrice":null,"currencyCode":"RON","currency":"Lei","image":{"thumbnail":{"default":"https://cdn.freshful.ro/media/cache/sylius_shop_product_thumbnail/06/97/1da760e8ba729f2c6b3295e68d8a.jpg"},"large":{"default":"https://cdn.freshful.ro/media/cache/freshful_large/06/97/1da760e8ba729f2c6b3295e68d8a.jpg"},"extralarge":{"default":"https://cdn.freshful.ro/media/cache/sylius_shop_product_original/06/97/1da760e8ba729f2c6b3295e68d8a.jpg"}},"label":null,"tags":[],"isAvailable":true,"maxAvailableQuantity":14,"maxAllowedQuantity":100,"breadcrumbs":[{"code":"15","name":"Pet Shop","slug":"15-pet-shop"},{"code":"1503","name":"Păsări și rozătoare","slug":"1503-pasari-si-rozatoare"},{"code":"150302","name":"Rozătoare","slug":"150302-rozatoare"},{"code":"100102748","name":"Talaș pentru rozătoare 1kg ","slug":"100102748-croci-talas-pentru-rozatoare-1kg"}],"activePromotion":null,"saveMe":null,"labels":[],"geniusPrice":null,"geniusUnitPricePerLabel":null,"banner":null,"discountLabel":null,"geniusDiscountLabel":null,"badge":null},{"code":"100102739","variantCode":"100102739","name":"Hrană iepuri 900g ","slug":"100102739-little-one-hrana-iepuri-900g","unitPriceLabel":"19,98 Lei/kg","brand":"Little One","brandCode":"1566","brandFilterCode":"little-one-b1570","sku":"100102739","price":17.98,"originalPrice":null,"currencyCode":"RON","currency":"Lei","image":{"thumbnail":{"default":"https://cdn.freshful.ro/media/cache/sylius_shop_product_thumbnail/76/24/3b8b2640f7930039a7f0762a3e0d.jpg"},"large":{"default":"https://cdn.freshful.ro/media/cache/freshful_large/76/24/3b8b2640f7930039a7f0762a3e0d.jpg"},"extralarge":{"default":"https://cdn.freshful.ro/media/cache/sylius_shop_product_original/76/24/3b8b2640f7930039a7f0762a3e0d.jpg"}},"label":null,"tags":[],"isAvailable":true,"maxAvailableQuantity":13,"maxAllowedQuantity":100,"breadcrumbs":[{"code":"15","name":"Pet Shop","slug":"15-pet-shop"},{"code":"1503","name":"Păsări și rozătoare","slug":"1503-pasari-si-rozatoare"},{"code":"150302","name":"Rozătoare","slug":"150302-rozatoare"},{"code":"100102739","name":"Hrană iepuri 900g ","slug":"100102739-little-one-hrana-iepuri-900g"}],"activePromotion":null,"saveMe":null,"labels":[],"geniusPrice":null,"geniusUnitPricePerLabel":null,"banner":null,"discountLabel":null,"geniusDiscountLabel":null,"badge":null},{"code":"100102747","variantCode":"100102747","name":"Vas din iarbă cu mix de plante 65g","slug":"100102747-little-one-vas-din-iarba-cu-mix-de-plante-65g","unitPriceLabel":"132,15 Lei/kg","brand":"Little One","brandCode":"1566","brandFilterCode":"little-one-b1570","sku":"100102747","price":8.59,"originalPrice":null,"currencyCode":"RON","currency":"Lei","image":{"thumbnail":{"default":"https://cdn.freshful.ro/media/cache/sylius_shop_product_thumbnail/b8/52/7b9815b6ef1786f2a09888dbb4d6.jpg"},"large":{"default":"https://cdn.freshful.ro/media/cache/freshful_large/b8/52/7b9815b6ef1786f2a09888dbb4d6.jpg"},"extralarge":{"default":"https://cdn.freshful.ro/media/cache/sylius_shop_product_original/b8/52/7b9815b6ef1786f2a09888dbb4d6.jpg"}},"label":null,"tags":[],"isAvailable":true,"maxAvailableQuantity":19,"maxAllowedQuantity":100,"breadcrumbs":[{"code":"15","name":"Pet Shop","slug":"15-pet-shop"},{"code":"1503","name":"Păsări și rozătoare","slug":"1503-pasari-si-rozatoare"},{"code":"150302","name":"Rozătoare","slug":"150302-rozatoare"},{"code":"100102747","name":"Vas din iarbă cu mix de plante 65g","slug":"100102747-little-one-vas-din-iarba-cu-mix-de-plante-65g"}],"activePromotion":null,"saveMe":null,"labels":[],"geniusPrice":null,"geniusUnitPricePerLabel":null,"banner":null,"discountLabel":null,"geniusDiscountLabel":null,"badge":null},{"code":"100102730","variantCode":"100102730","name":"Baton peruși și păsări exotice, 2x40g, cu fructe tropicale ","slug":"100102730-rio-baton-perusi-si-pasari-exotice-2x40g-cu-fructe-tropicale","unitPriceLabel":"149,88 Lei/kg","brand":"Rio","brandCode":"1565","brandFilterCode":"rio-b1569","sku":"100102730","price":11.99,"originalPrice":null,"currencyCode":"RON","currency":"Lei","image":{"thumbnail":{"default":"https://cdn.freshful.ro/media/cache/sylius_shop_product_thumbnail/48/d6/bbb9607d27cda5fa0bc5afc8769b.jpg"},"large":{"default":"https://cdn.freshful.ro/media/cache/freshful_large/48/d6/bbb9607d27cda5fa0bc5afc8769b.jpg"},"extralarge":{"default":"https://cdn.freshful.ro/media/cache/sylius_shop_product_original/48/d6/bbb9607d27cda5fa0bc5afc8769b.jpg"}},"label":null,"tags":[],"isAvailable":true,"maxAvailableQuantity":16,"maxAllowedQuantity":100,"breadcrumbs":[{"code":"15","name":"Pet Shop","slug":"15-pet-shop"},{"code":"1503","name":"Păsări și rozătoare","slug":"1503-pasari-si-rozatoare"},{"code":"150301","name":"Păsări","slug":"150301-pasari"},{"code":"100102730","name":"Baton peruși și păsări exotice, 2x40g, cu fructe tropicale ","slug":"100102730-rio-baton-perusi-si-pasari-exotice-2x40g-cu-fructe-tropicale"}],"activePromotion":null,"saveMe":null,"labels":[],"geniusPrice":null,"geniusUnitPricePerLabel":null,"banner":null,"discountLabel":null,"geniusDiscountLabel":null,"badge":null},{"code":"100102750","variantCode":"100102750","name":"Fân natural pentru rozătoare 1kg ","slug":"100102750-croci-fan-natural-pentru-rozatoare-1kg","unitPriceLabel":"18,98 Lei/kg","brand":"Croci","brandCode":"1567","brandFilterCode":"croci-b1571","sku":"100102750","price":18.98,"originalPrice":null,"currencyCode":"RON","currency":"Lei","image":{"thumbnail":{"default":"https://cdn.freshful.ro/media/cache/sylius_shop_product_thumbnail/47/c8/e67c431df58eea611891797ff274.jpg"},"large":{"default":"https://cdn.freshful.ro/media/cache/freshful_large/47/c8/e67c431df58eea611891797ff274.jpg"},"extralarge":{"default":"https://cdn.freshful.ro/media/cache/sylius_shop_product_original/47/c8/e67c431df58eea611891797ff274.jpg"}},"label":null,"tags":[],"isAvailable":true,"maxAvailableQuantity":22,"maxAllowedQuantity":100,"breadcrumbs":[{"code":"15","name":"Pet Shop","slug":"15-pet-shop"},{"code":"1503","name":"Păsări și rozătoare","slug":"1503-pasari-si-rozatoare"},{"code":"150302","name":"Rozătoare","slug":"150302-rozatoare"},{"code":"100102750","name":"Fân natural pentru rozătoare 1kg ","slug":"100102750-croci-fan-natural-pentru-rozatoare-1kg"}],"activePromotion":null,"saveMe":null,"labels":[],"geniusPrice":null,"geniusUnitPricePerLabel":null,"banner":null,"discountLabel":null,"geniusDiscountLabel":null,"badge":null},{"code":"100102729","variantCode":"100102729","name":"Mei în spic 100g ","slug":"100102729-rio-mei-in-spic-100g","unitPriceLabel":"97,9 Lei/kg","brand":"Rio","brandCode":"1565","brandFilterCode":"rio-b1569","sku":"100102729","price":9.79,"originalPrice":null,"currencyCode":"RON","currency":"Lei","image":{"thumbnail":{"default":"https://cdn.freshful.ro/media/cache/sylius_shop_product_thumbnail/1d/37/7134b70bf985b4f112f5de1cf803.jpg"},"large":{"default":"https://cdn.freshful.ro/media/cache/freshful_large/1d/37/7134b70bf985b4f112f5de1cf803.jpg"},"extralarge":{"default":"https://cdn.freshful.ro/media/cache/sylius_shop_product_original/1d/37/7134b70bf985b4f112f5de1cf803.jpg"}},"label":null,"tags":[],"isAvailable":true,"maxAvailableQuantity":11,"maxAllowedQuantity":100,"breadcrumbs":[{"code":"15","name":"Pet Shop","slug":"15-pet-shop"},{"code":"1503","name":"Păsări și rozătoare","slug":"1503-pasari-si-rozatoare"},{"code":"150301","name":"Păsări","slug":"150301-pasari"},{"code":"100102729","name":"Mei în spic 100g ","slug":"100102729-rio-mei-in-spic-100g"}],"activePromotion":null,"saveMe":null,"labels":[],"geniusPrice":null,"geniusUnitPricePerLabel":null,"banner":null,"discountLabel":null,"geniusDiscountLabel":null,"badge":null},{"code":"100102744","variantCode":"100102744","name":"Baton pentru rozătoare, 2x60g, cu fructe de pădure","slug":"100102744-little-one-baton-pentru-rozatoare-2x60g-cu-fructe-de-padure","unitPriceLabel":"99,92 Lei/kg","brand":"Little One","brandCode":"1566","brandFilterCode":"little-one-b1570","sku":"100102744","price":11.99,"originalPrice":null,"currencyCode":"RON","currency":"Lei","image":{"thumbnail":{"default":"https://cdn.freshful.ro/media/cache/sylius_shop_product_thumbnail/2e/17/8c034f4d388fcca016b9cde60584.jpg"},"large":{"default":"https://cdn.freshful.ro/media/cache/freshful_large/2e/17/8c034f4d388fcca016b9cde60584.jpg"},"extralarge":{"default":"https://cdn.freshful.ro/media/cache/sylius_shop_product_original/2e/17/8c034f4d388fcca016b9cde60584.jpg"}},"label":null,"tags":[],"isAvailable":true,"maxAvailableQuantity":17,"maxAllowedQuantity":100,"breadcrumbs":[{"code":"15","name":"Pet Shop","slug":"15-pet-shop"},{"code":"1503","name":"Păsări și rozătoare","slug":"1503-pasari-si-rozatoare"},{"code":"150302","name":"Rozătoare","slug":"150302-rozatoare"},{"code":"100102744","name":"Baton pentru rozătoare, 2x60g, cu fructe de pădure","slug":"100102744-little-one-baton-pentru-rozatoare-2x60g-cu-fructe-de-padure"}],"activePromotion":null,"saveMe":null,"labels":[],"geniusPrice":null,"geniusUnitPricePerLabel":null,"banner":null,"discountLabel":null,"geniusDiscountLabel":null,"badge":null},{"code":"100085819","variantCode":"100085819","name":"Hrană completă papagali și peruși 1kg","slug":"100085819-manitoba-hrana-completa-papagali-si-perusi-1kg","unitPriceLabel":"14,81 Lei/kg","brand":"Manitoba","brandCode":"1046","brandFilterCode":"manitoba-b1046","sku":"100085819","price":14.81,"originalPrice":null,"currencyCode":"RON","currency":"Lei","image":{"thumbnail":{"default":"https://cdn.freshful.ro/media/cache/sylius_shop_product_thumbnail/d9/07/720e619cc01c7507aed2a20a0431.jpg"},"large":{"default":"https://cdn.freshful.ro/media/cache/freshful_large/d9/07/720e619cc01c7507aed2a20a0431.jpg"},"extralarge":{"default":"https://cdn.freshful.ro/media/cache/sylius_shop_product_original/d9/07/720e619cc01c7507aed2a20a0431.jpg"}},"label":null,"tags":[],"isAvailable":true,"maxAvailableQuantity":19,"maxAllowedQuantity":100,"breadcrumbs":[{"code":"15","name":"Pet Shop","slug":"15-pet-shop"},{"code":"1503","name":"Păsări și rozătoare","slug":"1503-pasari-si-rozatoare"},{"code":"150301","name":"Păsări","slug":"150301-pasari"},{"code":"100085819","name":"Hrană completă papagali și peruși 1kg","slug":"100085819-manitoba-hrana-completa-papagali-si-perusi-1kg"}],"activePromotion":null,"saveMe":null,"labels":[],"geniusPrice":null,"geniusUnitPricePerLabel":null,"banner":null,"discountLabel":null,"geniusDiscountLabel":null,"badge":null}]},{"analyticsListId":"category-slot_1504-pesti-si-testoase","analyticsListName":"Category Slot - Pești și țestoase","type":"products_carousel","title":"Pești și țestoase","link":{"title":"Mai multe","count":32,"url":"/c/15-pet-shop/1504-pesti-si-testoase"},"products":[{"code":"100102757","variantCode":"100102757","name":"Hrană pentru pești, 100g, Pro Natural Flake ","slug":"100102757-amtra-hrana-pentru-pesti-100g-pro-natural-flake","unitPriceLabel":"79,9 Lei/kg","brand":"Amtra","brandCode":"1568","brandFilterCode":"amtra-b1572","sku":"100102757","price":7.99,"originalPrice":11.99,"currencyCode":"RON","currency":"Lei","image":{"thumbnail":{"default":"https://cdn.freshful.ro/media/cache/sylius_shop_product_thumbnail/84/84/2b83a2046fb6b59d374bc81ba74e.jpg"},"large":{"default":"https://cdn.freshful.ro/media/cache/freshful_large/84/84/2b83a2046fb6b59d374bc81ba74e.jpg"},"extralarge":{"default":"https://cdn.freshful.ro/media/cache/sylius_shop_product_original/84/84/2b83a2046fb6b59d374bc81ba74e.jpg"}},"label":{"text":"-33%","backgroundColor":"#FF9903","textColor":"#FFFFFF"},"tags":[],"isAvailable":true,"maxAvailableQuantity":24,"maxAllowedQuantity":100,"breadcrumbs":[{"code":"15","name":"Pet Shop","slug":"15-pet-shop"},{"code":"1504","name":"Pești și țestoase","slug":"1504-pesti-si-testoase"},{"code":"150401","name":"Hrană pești","slug":"150401-hrana-pesti"},{"code":"100102757","name":"Hrană pentru pești, 100g, Pro Natural Flake ","slug":"100102757-amtra-hrana-pentru-pesti-100g-pro-natural-flake"}],"activePromotion":{"code":"oferte-bacanie-bauturi-21feb-8mar23","name":"Preț redus","targetQuantity":null},"saveMe":null,"labels":[{"type":"v1","items":[{"text":"-33%","backgroundColor":"#FF9903","textColor":"#FFFFFF"}]}],"geniusPrice":null,"geniusUnitPricePerLabel":null,"banner":{"text":"Super preț","textColor":"#FF0000","bgColor":"#FFF2EC","icon":null,"link":"https://www.freshful.ro/oferte/oferte-bacanie-bauturi-21feb-8mar23","type":"promo","analyticsEventType":"select_promotion","analyticsEventPayload":{"promotion_id":"oferte-bacanie-bauturi-21feb-8mar23","promotion_name":"Cămara cu băuturi și bunătăți"}},"discountLabel":"Economisești 33%","geniusDiscountLabel":null,"badge":null},{"code":"100142935","variantCode":"100142935","name":"Hrană fulgi pentru pești 12g","slug":"100142935-no-brand-hrana-fulgi-pentru-pesti-12g","unitPriceLabel":"429,17 Lei/kg","brand":null,"brandCode":null,"brandFilterCode":"no-brand-b83","sku":"100142935","price":5.15,"originalPrice":null,"currencyCode":"RON","currency":"Lei","image":{"thumbnail":{"default":"https://cdn.freshful.ro/media/cache/sylius_shop_product_thumbnail/07/50/5e66e50c7b6ff69c03d3c87fd1dd.jpg"},"large":{"default":"https://cdn.freshful.ro/media/cache/freshful_large/07/50/5e66e50c7b6ff69c03d3c87fd1dd.jpg"},"extralarge":{"default":"https://cdn.freshful.ro/media/cache/sylius_shop_product_original/07/50/5e66e50c7b6ff69c03d3c87fd1dd.jpg"}},"label":null,"tags":[],"isAvailable":true,"maxAvailableQuantity":7,"maxAllowedQuantity":100,"breadcrumbs":[{"code":"15","name":"Pet Shop","slug":"15-pet-shop"},{"code":"1504","name":"Pești și țestoase","slug":"1504-pesti-si-testoase"},{"code":"150401","name":"Hrană pești","slug":"150401-hrana-pesti"},{"code":"100142935","name":"Hrană fulgi pentru pești 12g","slug":"100142935-no-brand-hrana-fulgi-pentru-pesti-12g"}],"activePromotion":null,"saveMe":null,"labels":[],"geniusPrice":null,"geniusUnitPricePerLabel":null,"banner":null,"discountLabel":null,"geniusDiscountLabel":null,"badge":null},{"code":"100102774","variantCode":"100102774","name":"Hrană pentru țestoase 26g ","slug":"100102774-amtra-hrana-pentru-testoase-26g","unitPriceLabel":"518,85 Lei/kg","brand":"Amtra","brandCode":"1568","brandFilterCode":"amtra-b1572","sku":"100102774","price":13.49,"originalPrice":null,"currencyCode":"RON","currency":"Lei","image":{"thumbnail":{"default":"https://cdn.freshful.ro/media/cache/sylius_shop_product_thumbnail/75/92/1b70beeec19defac161e4f5a516c.jpg"},"large":{"default":"https://cdn.freshful.ro/media/cache/freshful_large/75/92/1b70beeec19defac161e4f5a516c.jpg"},"extralarge":{"default":"https://cdn.freshful.ro/media/cache/sylius_shop_product_original/75/92/1b70beeec19defac161e4f5a516c.jpg"}},"label":null,"tags":[],"isAvailable":true,"maxAvailableQuantity":12,"maxAllowedQuantity":100,"breadcrumbs":[{"code":"15","name":"Pet Shop","slug":"15-pet-shop"},{"code":"1504","name":"Pești și țestoase","slug":"1504-pesti-si-testoase"},{"code":"150401","name":"Hrană pești","slug":"150401-hrana-pesti"},{"code":"100102774","name":"Hrană pentru țestoase 26g ","slug":"100102774-amtra-hrana-pentru-testoase-26g"}],"activePromotion":null,"saveMe":null,"labels":[],"geniusPrice":null,"geniusUnitPricePerLabel":null,"banner":null,"discountLabel":null,"geniusDiscountLabel":null,"badge":null},{"code":"100126376","variantCode":"100126376","name":"Hrană pentru pești și țestoase 10g","slug":"100126376-flipper-hrana-pentru-pesti-si-testoase-10g","unitPriceLabel":"439 Lei/kg","brand":"Flipper","brandCode":"2302","brandFilterCode":"flipper-b2304","sku":"100126376","price":4.39,"originalPrice":null,"currencyCode":"RON","currency":"Lei","image":{"thumbnail":{"default":"https://cdn.freshful.ro/media/cache/sylius_shop_product_thumbnail/0b/3e/781561cc320a14611701deddb52e.jpg"},"large":{"default":"https://cdn.freshful.ro/media/cache/freshful_large/0b/3e/781561cc320a14611701deddb52e.jpg"},"extralarge":{"default":"https://cdn.freshful.ro/media/cache/sylius_shop_product_original/0b/3e/781561cc320a14611701deddb52e.jpg"}},"label":null,"tags":[],"isAvailable":true,"maxAvailableQuantity":12,"maxAllowedQuantity":100,"breadcrumbs":[{"code":"15","name":"Pet Shop","slug":"15-pet-shop"},{"code":"1504","name":"Pești și țestoase","slug":"1504-pesti-si-testoase"},{"code":"150401","name":"Hrană pești","slug":"150401-hrana-pesti"},{"code":"100126376","name":"Hrană pentru pești și țestoase 10g","slug":"100126376-flipper-hrana-pentru-pesti-si-testoase-10g"}],"activePromotion":null,"saveMe":null,"labels":[],"geniusPrice":null,"geniusUnitPricePerLabel":null,"banner":null,"discountLabel":null,"geniusDiscountLabel":null,"badge":null},{"code":"100102759","variantCode":"100102759","name":"Hrană pentru pești, 100g, Pro Color Flake","slug":"100102759-amtra-hrana-pentru-pesti-100g-pro-color-flake","unitPriceLabel":"149,9 Lei/kg","brand":"Amtra","brandCode":"1568","brandFilterCode":"amtra-b1572","sku":"100102759","price":14.99,"originalPrice":null,"currencyCode":"RON","currency":"Lei","image":{"thumbnail":{"default":"https://cdn.freshful.ro/media/cache/sylius_shop_product_thumbnail/98/7f/9622a6037fb7969d5aa61369cbfc.jpg"},"large":{"default":"https://cdn.freshful.ro/media/cache/freshful_large/98/7f/9622a6037fb7969d5aa61369cbfc.jpg"},"extralarge":{"default":"https://cdn.freshful.ro/media/cache/sylius_shop_product_original/98/7f/9622a6037fb7969d5aa61369cbfc.jpg"}},"label":null,"tags":[],"isAvailable":true,"maxAvailableQuantity":11,"maxAllowedQuantity":100,"breadcrumbs":[{"code":"15","name":"Pet Shop","slug":"15-pet-shop"},{"code":"1504","name":"Pești și țestoase","slug":"1504-pesti-si-testoase"},{"code":"150401","name":"Hrană pești","slug":"150401-hrana-pesti"},{"code":"100102759","name":"Hrană pentru pești, 100g, Pro Color Flake","slug":"100102759-amtra-hrana-pentru-pesti-100g-pro-color-flake"}],"activePromotion":null,"saveMe":null,"labels":[],"geniusPrice":null,"geniusUnitPricePerLabel":null,"banner":null,"discountLabel":null,"geniusDiscountLabel":null,"badge":null},{"code":"100102763","variantCode":"100102763","name":"Hrană pentru pești, 100g, Pro Gran Micro 0.5","slug":"100102763-amtra-hrana-pentru-pesti-100g-pro-gran-micro-0-5","unitPriceLabel":"189,9 Lei/kg","brand":"Amtra","brandCode":"1568","brandFilterCode":"amtra-b1572","sku":"100102763","price":18.99,"originalPrice":null,"currencyCode":"RON","currency":"Lei","image":{"thumbnail":{"default":"https://cdn.freshful.ro/media/cache/sylius_shop_product_thumbnail/50/98/5c20c6f3c94d5b945417656b9a1e.jpg"},"large":{"default":"https://cdn.freshful.ro/media/cache/freshful_large/50/98/5c20c6f3c94d5b945417656b9a1e.jpg"},"extralarge":{"default":"https://cdn.freshful.ro/media/cache/sylius_shop_product_original/50/98/5c20c6f3c94d5b945417656b9a1e.jpg"}},"label":null,"tags":[],"isAvailable":true,"maxAvailableQuantity":25,"maxAllowedQuantity":100,"breadcrumbs":[{"code":"15","name":"Pet Shop","slug":"15-pet-shop"},{"code":"1504","name":"Pești și țestoase","slug":"1504-pesti-si-testoase"},{"code":"150401","name":"Hrană pești","slug":"150401-hrana-pesti"},{"code":"100102763","name":"Hrană pentru pești, 100g, Pro Gran Micro 0.5","slug":"100102763-amtra-hrana-pentru-pesti-100g-pro-gran-micro-0-5"}],"activePromotion":null,"saveMe":null,"labels":[],"geniusPrice":null,"geniusUnitPricePerLabel":null,"banner":null,"discountLabel":null,"geniusDiscountLabel":null,"badge":null},{"code":"100126375","variantCode":"100126375","name":"Hrană pentru pești și țestoase 25g","slug":"100126375-flipper-hrana-pentru-pesti-si-testoase-25g","unitPriceLabel":"391,6 Lei/kg","brand":"Flipper","brandCode":"2302","brandFilterCode":"flipper-b2304","sku":"100126375","price":9.79,"originalPrice":null,"currencyCode":"RON","currency":"Lei","image":{"thumbnail":{"default":"https://cdn.freshful.ro/media/cache/sylius_shop_product_thumbnail/90/6c/66a2cfc11b28690b537fcbd0af19.jpg"},"large":{"default":"https://cdn.freshful.ro/media/cache/freshful_large/90/6c/66a2cfc11b28690b537fcbd0af19.jpg"},"extralarge":{"default":"https://cdn.freshful.ro/media/cache/sylius_shop_product_original/90/6c/66a2cfc11b28690b537fcbd0af19.jpg"}},"label":null,"tags":[],"isAvailable":true,"maxAvailableQuantity":23,"maxAllowedQuantity":100,"breadcrumbs":[{"code":"15","name":"Pet Shop","slug":"15-pet-shop"},{"code":"1504","name":"Pești și țestoase","slug":"1504-pesti-si-testoase"},{"code":"150401","name":"Hrană pești","slug":"150401-hrana-pesti"},{"code":"100126375","name":"Hrană pentru pești și țestoase 25g","slug":"100126375-flipper-hrana-pentru-pesti-si-testoase-25g"}],"activePromotion":null,"saveMe":null,"labels":[],"geniusPrice":null,"geniusUnitPricePerLabel":null,"banner":null,"discountLabel":null,"geniusDiscountLabel":null,"badge":null},{"code":"100142939","variantCode":"100142939","name":"Hrană pentru pești, 20g, Weekend ","slug":"100142939-no-brand-hrana-pentru-pesti-20g-weekend","unitPriceLabel":"669,5 Lei/kg","brand":null,"brandCode":null,"brandFilterCode":"no-brand-b83","sku":"100142939","price":13.39,"originalPrice":null,"currencyCode":"RON","currency":"Lei","image":{"thumbnail":{"default":"https://cdn.freshful.ro/media/cache/sylius_shop_product_thumbnail/40/03/ba72043efb83c500ab6fc404ac53.jpg"},"large":{"default":"https://cdn.freshful.ro/media/cache/freshful_large/40/03/ba72043efb83c500ab6fc404ac53.jpg"},"extralarge":{"default":"https://cdn.freshful.ro/media/cache/sylius_shop_product_original/40/03/ba72043efb83c500ab6fc404ac53.jpg"}},"label":null,"tags":[],"isAvailable":true,"maxAvailableQuantity":11,"maxAllowedQuantity":100,"breadcrumbs":[{"code":"15","name":"Pet Shop","slug":"15-pet-shop"},{"code":"1504","name":"Pești și țestoase","slug":"1504-pesti-si-testoase"},{"code":"150401","name":"Hrană pești","slug":"150401-hrana-pesti"},{"code":"100142939","name":"Hrană pentru pești, 20g, Weekend ","slug":"100142939-no-brand-hrana-pentru-pesti-20g-weekend"}],"activePromotion":null,"saveMe":null,"labels":[],"geniusPrice":null,"geniusUnitPricePerLabel":null,"banner":null,"discountLabel":null,"geniusDiscountLabel":null,"badge":null},{"code":"100142940","variantCode":"100142940","name":"Hrană pentru pești, 50g, Vitality&Color ","slug":"100142940-no-brand-hrana-pentru-pesti-50g-vitality-color","unitPriceLabel":"453,2 Lei/kg","brand":null,"brandCode":null,"brandFilterCode":"no-brand-b83","sku":"100142940","price":22.66,"originalPrice":null,"currencyCode":"RON","currency":"Lei","image":{"thumbnail":{"default":"https://cdn.freshful.ro/media/cache/sylius_shop_product_thumbnail/6a/c9/8fd797e6596e4b3291254fff204c.jpg"},"large":{"default":"https://cdn.freshful.ro/media/cache/freshful_large/6a/c9/8fd797e6596e4b3291254fff204c.jpg"},"extralarge":{"default":"https://cdn.freshful.ro/media/cache/sylius_shop_product_original/6a/c9/8fd797e6596e4b3291254fff204c.jpg"}},"label":null,"tags":[],"isAvailable":true,"maxAvailableQuantity":9,"maxAllowedQuantity":100,"breadcrumbs":[{"code":"15","name":"Pet Shop","slug":"15-pet-shop"},{"code":"1504","name":"Pești și țestoase","slug":"1504-pesti-si-testoase"},{"code":"150401","name":"Hrană pești","slug":"150401-hrana-pesti"},{"code":"100142940","name":"Hrană pentru pești, 50g, Vitality&Color ","slug":"100142940-no-brand-hrana-pentru-pesti-50g-vitality-color"}],"activePromotion":null,"saveMe":null,"labels":[],"geniusPrice":null,"geniusUnitPricePerLabel":null,"banner":null,"discountLabel":null,"geniusDiscountLabel":null,"badge":null},{"code":"100102755","variantCode":"100102755","name":"Hrană pentru pești, 100g, Pro Flake ","slug":"100102755-amtra-hrana-pentru-pesti-100g-pro-flake","unitPriceLabel":"104,9 Lei/kg","brand":"Amtra","brandCode":"1568","brandFilterCode":"amtra-b1572","sku":"100102755","price":10.49,"originalPrice":null,"currencyCode":"RON","currency":"Lei","image":{"thumbnail":{"default":"https://cdn.freshful.ro/media/cache/sylius_shop_product_thumbnail/b7/ed/01fd53edcf0ceb78468e64d6cc03.jpg"},"large":{"default":"https://cdn.freshful.ro/media/cache/freshful_large/b7/ed/01fd53edcf0ceb78468e64d6cc03.jpg"},"extralarge":{"default":"https://cdn.freshful.ro/media/cache/sylius_shop_product_original/b7/ed/01fd53edcf0ceb78468e64d6cc03.jpg"}},"label":null,"tags":[],"isAvailable":true,"maxAvailableQuantity":20,"maxAllowedQuantity":100,"breadcrumbs":[{"code":"15","name":"Pet Shop","slug":"15-pet-shop"},{"code":"1504","name":"Pești și țestoase","slug":"1504-pesti-si-testoase"},{"code":"150401","name":"Hrană pești","slug":"150401-hrana-pesti"},{"code":"100102755","name":"Hrană pentru pești, 100g, Pro Flake ","slug":"100102755-amtra-hrana-pentru-pesti-100g-pro-flake"}],"activePromotion":null,"saveMe":null,"labels":[],"geniusPrice":null,"geniusUnitPricePerLabel":null,"banner":null,"discountLabel":null,"geniusDiscountLabel":null,"badge":null}]}],"page":0,"limit":0,"pages":0,"count":0,"siblings":[],"children":[],"products":[],"filters":null,"orderBy":[],"metaTitle":"Pet Shop - Gamă variată","metaDescription":"Vrei Pet Shop? Alege dintr-o gamă variată. Comanzi simplu și ai livrare rapidă, calitate și prospețime. Hai pe Freshful.ro","metaKeywords":null,"banners":[]}}