{"type":"category","payload":{"analyticsListId":"category_2-carne-si-peste","analyticsListName":"Category - Carne & pește","name":"Carne & pește","slug":"2-carne-si-peste","image":null,"breadcrumbs":[{"code":"2","name":"Carne & pește","slug":"2-carne-si-peste"}],"slots":[{"analyticsListId":"category-slot_201-carne-de-vita-si-oaie","analyticsListName":"Category Slot - Carne de vită și oaie","type":"products_carousel","title":"Carne de vită și oaie","link":{"title":"Mai multe","count":62,"url":"/c/2-carne-si-peste/201-carne-de-vita-si-oaie"},"products":[{"code":"100140252","variantCode":"100140252","name":"Vrăbioară mânzat 500g","slug":"100140252-samcom-vrabioara-manzat-500g","unitPriceLabel":"73,98 Lei/kg","brand":"Samcom","brandCode":"2510","brandFilterCode":"samcom-b2514","sku":"100140252","price":36.99,"originalPrice":null,"currencyCode":"RON","currency":"Lei","image":{"thumbnail":{"default":"https://cdn.freshful.ro/media/cache/sylius_shop_product_thumbnail/84/51/2784f6cd18441ae1616d9c0a595b.jpg"},"large":{"default":"https://cdn.freshful.ro/media/cache/freshful_large/84/51/2784f6cd18441ae1616d9c0a595b.jpg"},"extralarge":{"default":"https://cdn.freshful.ro/media/cache/sylius_shop_product_original/84/51/2784f6cd18441ae1616d9c0a595b.jpg"}},"label":{"text":"-20% cu Genius","backgroundColor":"#FEF3FA","textColor":"#CD015F"},"tags":[{"type":"MadeInRomania","text":"Made In Romania","icon":"https://cdn.freshful.ro/assets/product_tags/made_in_romania.svg","iconPng":"https://cdn.freshful.ro/assets/product_tags/made_in_romania.png","backgroundColor":"#EDF2FD","textColor":"#1653CA"}],"isAvailable":true,"maxAvailableQuantity":49,"maxAllowedQuantity":100,"breadcrumbs":[{"code":"2","name":"Carne & pește","slug":"2-carne-si-peste"},{"code":"201","name":"Carne de vită și oaie","slug":"201-carne-de-vita-si-oaie"},{"code":"20101","name":"Mânzat","slug":"20101-manzat"},{"code":"100140252","name":"Vrăbioară mânzat 500g","slug":"100140252-samcom-vrabioara-manzat-500g"}],"activePromotion":null,"saveMe":null,"labels":[{"type":"gdeals","items":[{"text":"","backgroundColor":"","textColor":""}]},{"type":"v3","items":[{"text":"-20% cu Genius","backgroundColor":"#FEF3FA","textColor":"#CD015F"}]}],"geniusPrice":29.59,"geniusUnitPricePerLabel":"59,18 Lei/kg","banner":null,"discountLabel":null,"geniusDiscountLabel":"Economisești 20%","badge":null},{"code":"100064457","variantCode":"100064457","name":"Burgeri de mânzat aged Prussiana 280g","slug":"100064457-gurmand-apetit-burgeri-de-manzat-aged-prussiana-280g","unitPriceLabel":"57,11 Lei/kg","brand":"Gurmand Apetit","brandCode":"993","brandFilterCode":"gurmand-apetit-b1007","sku":"100064457","price":15.99,"originalPrice":18.89,"currencyCode":"RON","currency":"Lei","image":{"thumbnail":{"default":"https://cdn.freshful.ro/media/cache/sylius_shop_product_thumbnail/87/b3/847cc8a36003c3c97e9c71f90867.jpg"},"large":{"default":"https://cdn.freshful.ro/media/cache/freshful_large/87/b3/847cc8a36003c3c97e9c71f90867.jpg"},"extralarge":{"default":"https://cdn.freshful.ro/media/cache/sylius_shop_product_original/87/b3/847cc8a36003c3c97e9c71f90867.jpg"}},"label":{"text":"-15%","backgroundColor":"#FF9903","textColor":"#FFFFFF"},"tags":[{"type":"MadeInRomania","text":"Made In Romania","icon":"https://cdn.freshful.ro/assets/product_tags/made_in_romania.svg","iconPng":"https://cdn.freshful.ro/assets/product_tags/made_in_romania.png","backgroundColor":"#EDF2FD","textColor":"#1653CA"}],"isAvailable":true,"maxAvailableQuantity":6,"maxAllowedQuantity":100,"breadcrumbs":[{"code":"2","name":"Carne & pește","slug":"2-carne-si-peste"},{"code":"201","name":"Carne de vită și oaie","slug":"201-carne-de-vita-si-oaie"},{"code":"20102","name":"Mânzat maturat","slug":"20102-manzat-maturat"},{"code":"100064457","name":"Burgeri de mânzat aged Prussiana 280g","slug":"100064457-gurmand-apetit-burgeri-de-manzat-aged-prussiana-280g"}],"activePromotion":{"code":"bunatatile-saptamanii-cw0923","name":"Preț redus","targetQuantity":null},"saveMe":null,"labels":[{"type":"v1","items":[{"text":"-15%","backgroundColor":"#FF9903","textColor":"#FFFFFF"}]}],"geniusPrice":null,"geniusUnitPricePerLabel":null,"banner":{"text":"Super preț","textColor":"#FF0000","bgColor":"#FFF2EC","icon":null,"link":"https://www.freshful.ro/oferte/bunatatile-saptamanii-cw0923","type":"promo","analyticsEventType":"select_promotion","analyticsEventPayload":{"promotion_id":"bunatatile-saptamanii-cw0923","promotion_name":"Oferta proaspătă a săptămânii"}},"discountLabel":"Economisești 15%","geniusDiscountLabel":null,"badge":null},{"code":"100064448","variantCode":"100064448","name":"T-bone de mânzat aged Prussiana 500g","slug":"100064448-gurmand-apetit-t-bone-de-manzat-aged-prussiana-500g","unitPriceLabel":"142,78 Lei/kg","brand":"Gurmand Apetit","brandCode":"993","brandFilterCode":"gurmand-apetit-b1007","sku":"100064448","price":71.39,"originalPrice":83.99,"currencyCode":"RON","currency":"Lei","image":{"thumbnail":{"default":"https://cdn.freshful.ro/media/cache/sylius_shop_product_thumbnail/bc/5f/b1deed8675ec79b05f3fc05bc574.jpg"},"large":{"default":"https://cdn.freshful.ro/media/cache/freshful_large/bc/5f/b1deed8675ec79b05f3fc05bc574.jpg"},"extralarge":{"default":"https://cdn.freshful.ro/media/cache/sylius_shop_product_original/bc/5f/b1deed8675ec79b05f3fc05bc574.jpg"}},"label":{"text":"-15%","backgroundColor":"#FF9903","textColor":"#FFFFFF"},"tags":[],"isAvailable":true,"maxAvailableQuantity":4,"maxAllowedQuantity":100,"breadcrumbs":[{"code":"2","name":"Carne & pește","slug":"2-carne-si-peste"},{"code":"201","name":"Carne de vită și oaie","slug":"201-carne-de-vita-si-oaie"},{"code":"20102","name":"Mânzat maturat","slug":"20102-manzat-maturat"},{"code":"100064448","name":"T-bone de mânzat aged Prussiana 500g","slug":"100064448-gurmand-apetit-t-bone-de-manzat-aged-prussiana-500g"}],"activePromotion":{"code":"bunatatile-saptamanii-cw0923","name":"Preț redus","targetQuantity":null},"saveMe":null,"labels":[{"type":"v1","items":[{"text":"-15%","backgroundColor":"#FF9903","textColor":"#FFFFFF"}]}],"geniusPrice":null,"geniusUnitPricePerLabel":null,"banner":{"text":"Super preț","textColor":"#FF0000","bgColor":"#FFF2EC","icon":null,"link":"https://www.freshful.ro/oferte/bunatatile-saptamanii-cw0923","type":"promo","analyticsEventType":"select_promotion","analyticsEventPayload":{"promotion_id":"bunatatile-saptamanii-cw0923","promotion_name":"Oferta proaspătă a săptămânii"}},"discountLabel":"Economisești 15%","geniusDiscountLabel":null,"badge":null},{"code":"100146008","variantCode":"100146008","name":"Hamburger vită 300g","slug":"100146008-diana-hamburger-vita-300g","unitPriceLabel":"49,63 Lei/kg","brand":"Diana","brandCode":"355","brandFilterCode":"diana-b356","sku":"100146008","price":14.89,"originalPrice":null,"currencyCode":"RON","currency":"Lei","image":{"thumbnail":{"default":"https://cdn.freshful.ro/media/cache/sylius_shop_product_thumbnail/10/98/393a80aae264e59b4275fc40cef2.jpg"},"large":{"default":"https://cdn.freshful.ro/media/cache/freshful_large/10/98/393a80aae264e59b4275fc40cef2.jpg"},"extralarge":{"default":"https://cdn.freshful.ro/media/cache/sylius_shop_product_original/10/98/393a80aae264e59b4275fc40cef2.jpg"}},"label":null,"tags":[{"type":"MadeInRomania","text":"Made In Romania","icon":"https://cdn.freshful.ro/assets/product_tags/made_in_romania.svg","iconPng":"https://cdn.freshful.ro/assets/product_tags/made_in_romania.png","backgroundColor":"#EDF2FD","textColor":"#1653CA"}],"isAvailable":true,"maxAvailableQuantity":19,"maxAllowedQuantity":100,"breadcrumbs":[{"code":"2","name":"Carne & pește","slug":"2-carne-si-peste"},{"code":"201","name":"Carne de vită și oaie","slug":"201-carne-de-vita-si-oaie"},{"code":"20101","name":"Mânzat","slug":"20101-manzat"},{"code":"100146008","name":"Hamburger vită 300g","slug":"100146008-diana-hamburger-vita-300g"}],"activePromotion":null,"saveMe":null,"labels":[],"geniusPrice":null,"geniusUnitPricePerLabel":null,"banner":null,"discountLabel":null,"geniusDiscountLabel":null,"badge":null},{"code":"100143793","variantCode":"100143793","name":"Carne de vită pentru gulaș 500g","slug":"100143793-samcom-carne-de-vita-pentru-gulas-500g","unitPriceLabel":"55,98 Lei/kg","brand":"Samcom","brandCode":"2510","brandFilterCode":"samcom-b2514","sku":"100143793","price":27.99,"originalPrice":null,"currencyCode":"RON","currency":"Lei","image":{"thumbnail":{"default":"https://cdn.freshful.ro/media/cache/sylius_shop_product_thumbnail/3e/c0/a926ca01aebcdf670f2e9a681077.jpg"},"large":{"default":"https://cdn.freshful.ro/media/cache/freshful_large/3e/c0/a926ca01aebcdf670f2e9a681077.jpg"},"extralarge":{"default":"https://cdn.freshful.ro/media/cache/sylius_shop_product_original/3e/c0/a926ca01aebcdf670f2e9a681077.jpg"}},"label":null,"tags":[{"type":"MadeInRomania","text":"Made In Romania","icon":"https://cdn.freshful.ro/assets/product_tags/made_in_romania.svg","iconPng":"https://cdn.freshful.ro/assets/product_tags/made_in_romania.png","backgroundColor":"#EDF2FD","textColor":"#1653CA"}],"isAvailable":true,"maxAvailableQuantity":64,"maxAllowedQuantity":100,"breadcrumbs":[{"code":"2","name":"Carne & pește","slug":"2-carne-si-peste"},{"code":"201","name":"Carne de vită și oaie","slug":"201-carne-de-vita-si-oaie"},{"code":"20101","name":"Mânzat","slug":"20101-manzat"},{"code":"100143793","name":"Carne de vită pentru gulaș 500g","slug":"100143793-samcom-carne-de-vita-pentru-gulas-500g"}],"activePromotion":null,"saveMe":{"isAvailable":true,"variantCode":"100143793-accsale","maxAvailableQuantity":24,"maxAllowedQuantity":100,"price":18.19,"originalPrice":27.99,"labels":[{"type":"v2","items":[{"text":"Save Me","backgroundColor":"#FF7070","textColor":"#FFFFFF"},{"text":"-35%","backgroundColor":"#333333","textColor":"#FFFFFF"}]},{"type":"v3","items":[{"text":"Expiră pe 04-03-2023","backgroundColor":"#FEF7DC","textColor":"#595959"}]}],"priceColor":"#FF7070","priceIcon":"https://cdn.freshful.ro/assets/save_me/priceIcon.png","unitPriceLabel":"36,38 Lei/kg","badge":null},"labels":[],"geniusPrice":null,"geniusUnitPricePerLabel":null,"banner":{"text":"Cumpără la 18.19 lei","textColor":"#FF7070","bgColor":"#FFF1F1","icon":"https://cdn.freshful.ro/assets/save_me/priceIcon.png","link":"https://www.freshful.ro/p/100143793-samcom-carne-de-vita-pentru-gulas-500g?sm=true","type":"saveMe","analyticsEventType":"select_item","analyticsEventPayload":[]},"discountLabel":null,"geniusDiscountLabel":null,"badge":null},{"code":"100030481","variantCode":"100030481","name":"Burger de vițel lapte 300g ","slug":"100030481-meat-revolution-burger-de-vitel-lapte-300g","unitPriceLabel":"63,3 Lei/kg","brand":"Meat Revolution","brandCode":"189","brandFilterCode":"meat-revolution-b190","sku":"100030481","price":18.99,"originalPrice":null,"currencyCode":"RON","currency":"Lei","image":{"thumbnail":{"default":"https://cdn.freshful.ro/media/cache/sylius_shop_product_thumbnail/fe/88/f2ce2d542478e76c131e90b6ec59.jpg"},"large":{"default":"https://cdn.freshful.ro/media/cache/freshful_large/fe/88/f2ce2d542478e76c131e90b6ec59.jpg"},"extralarge":{"default":"https://cdn.freshful.ro/media/cache/sylius_shop_product_original/fe/88/f2ce2d542478e76c131e90b6ec59.jpg"}},"label":null,"tags":[],"isAvailable":true,"maxAvailableQuantity":52,"maxAllowedQuantity":100,"breadcrumbs":[{"code":"2","name":"Carne & pește","slug":"2-carne-si-peste"},{"code":"201","name":"Carne de vită și oaie","slug":"201-carne-de-vita-si-oaie"},{"code":"20101","name":"Mânzat","slug":"20101-manzat"},{"code":"100030481","name":"Burger de vițel lapte 300g ","slug":"100030481-meat-revolution-burger-de-vitel-lapte-300g"}],"activePromotion":null,"saveMe":null,"labels":[],"geniusPrice":null,"geniusUnitPricePerLabel":null,"banner":null,"discountLabel":null,"geniusDiscountLabel":null,"badge":null},{"code":"100140255","variantCode":"100140255","name":"Rasol de mânzat cu os 700g","slug":"100140255-samcom-rasol-de-manzat-cu-os-700g","unitPriceLabel":"54,27 Lei/kg","brand":"Samcom","brandCode":"2510","brandFilterCode":"samcom-b2514","sku":"100140255","price":37.99,"originalPrice":null,"currencyCode":"RON","currency":"Lei","image":{"thumbnail":{"default":"https://cdn.freshful.ro/media/cache/sylius_shop_product_thumbnail/ee/1d/3c694bb4dacdf6f362243dc6484e.jpg"},"large":{"default":"https://cdn.freshful.ro/media/cache/freshful_large/ee/1d/3c694bb4dacdf6f362243dc6484e.jpg"},"extralarge":{"default":"https://cdn.freshful.ro/media/cache/sylius_shop_product_original/ee/1d/3c694bb4dacdf6f362243dc6484e.jpg"}},"label":null,"tags":[{"type":"MadeInRomania","text":"Made In Romania","icon":"https://cdn.freshful.ro/assets/product_tags/made_in_romania.svg","iconPng":"https://cdn.freshful.ro/assets/product_tags/made_in_romania.png","backgroundColor":"#EDF2FD","textColor":"#1653CA"}],"isAvailable":true,"maxAvailableQuantity":46,"maxAllowedQuantity":100,"breadcrumbs":[{"code":"2","name":"Carne & pește","slug":"2-carne-si-peste"},{"code":"201","name":"Carne de vită și oaie","slug":"201-carne-de-vita-si-oaie"},{"code":"20101","name":"Mânzat","slug":"20101-manzat"},{"code":"100140255","name":"Rasol de mânzat cu os 700g","slug":"100140255-samcom-rasol-de-manzat-cu-os-700g"}],"activePromotion":null,"saveMe":null,"labels":[],"geniusPrice":null,"geniusUnitPricePerLabel":null,"banner":null,"discountLabel":null,"geniusDiscountLabel":null,"badge":null},{"code":"100147535","variantCode":"100147535","name":"Șnitel de mânzat eco 400g","slug":"100147535-bioforia-snitel-de-manzat-eco-400g","unitPriceLabel":"89,98 Lei/kg","brand":"Bioforia","brandCode":"782","brandFilterCode":"bioforia-b783","sku":"100147535","price":35.99,"originalPrice":null,"currencyCode":"RON","currency":"Lei","image":{"thumbnail":{"default":"https://cdn.freshful.ro/media/cache/sylius_shop_product_thumbnail/50/79/4f85a571f93631005497df4ea21a.jpg"},"large":{"default":"https://cdn.freshful.ro/media/cache/freshful_large/50/79/4f85a571f93631005497df4ea21a.jpg"},"extralarge":{"default":"https://cdn.freshful.ro/media/cache/sylius_shop_product_original/50/79/4f85a571f93631005497df4ea21a.jpg"}},"label":null,"tags":[{"type":"Eco","text":"Eco","icon":"https://cdn.freshful.ro/assets/product_tags/eco.svg","iconPng":"https://cdn.freshful.ro/assets/product_tags/eco.png","backgroundColor":"#EFFBE4","textColor":"#66BB1B"},{"type":"MadeInRomania","text":"Made In Romania","icon":"https://cdn.freshful.ro/assets/product_tags/made_in_romania.svg","iconPng":"https://cdn.freshful.ro/assets/product_tags/made_in_romania.png","backgroundColor":"#EDF2FD","textColor":"#1653CA"},{"type":"NoE","text":"Fara E-uri","icon":"https://cdn.freshful.ro/assets/product_tags/fara_euri.svg","iconPng":"https://cdn.freshful.ro/assets/product_tags/fara_euri.png","backgroundColor":"#FCF5DF","textColor":"#CAA316"}],"isAvailable":true,"maxAvailableQuantity":34,"maxAllowedQuantity":100,"breadcrumbs":[{"code":"2","name":"Carne & pește","slug":"2-carne-si-peste"},{"code":"201","name":"Carne de vită și oaie","slug":"201-carne-de-vita-si-oaie"},{"code":"20101","name":"Mânzat","slug":"20101-manzat"},{"code":"100147535","name":"Șnitel de mânzat eco 400g","slug":"100147535-bioforia-snitel-de-manzat-eco-400g"}],"activePromotion":null,"saveMe":null,"labels":[],"geniusPrice":null,"geniusUnitPricePerLabel":null,"banner":null,"discountLabel":null,"geniusDiscountLabel":null,"badge":null},{"code":"100147536","variantCode":"100147536","name":"Cubulețe carne de vită eco 500g","slug":"100147536-bioforia-cubulete-carne-de-vita-eco-500g","unitPriceLabel":"87,98 Lei/kg","brand":"Bioforia","brandCode":"782","brandFilterCode":"bioforia-b783","sku":"100147536","price":43.99,"originalPrice":null,"currencyCode":"RON","currency":"Lei","image":{"thumbnail":{"default":"https://cdn.freshful.ro/media/cache/sylius_shop_product_thumbnail/59/31/d01df42302a0f1e9521c6591de80.jpg"},"large":{"default":"https://cdn.freshful.ro/media/cache/freshful_large/59/31/d01df42302a0f1e9521c6591de80.jpg"},"extralarge":{"default":"https://cdn.freshful.ro/media/cache/sylius_shop_product_original/59/31/d01df42302a0f1e9521c6591de80.jpg"}},"label":null,"tags":[{"type":"Eco","text":"Eco","icon":"https://cdn.freshful.ro/assets/product_tags/eco.svg","iconPng":"https://cdn.freshful.ro/assets/product_tags/eco.png","backgroundColor":"#EFFBE4","textColor":"#66BB1B"},{"type":"MadeInRomania","text":"Made In Romania","icon":"https://cdn.freshful.ro/assets/product_tags/made_in_romania.svg","iconPng":"https://cdn.freshful.ro/assets/product_tags/made_in_romania.png","backgroundColor":"#EDF2FD","textColor":"#1653CA"},{"type":"NoE","text":"Fara E-uri","icon":"https://cdn.freshful.ro/assets/product_tags/fara_euri.svg","iconPng":"https://cdn.freshful.ro/assets/product_tags/fara_euri.png","backgroundColor":"#FCF5DF","textColor":"#CAA316"}],"isAvailable":true,"maxAvailableQuantity":37,"maxAllowedQuantity":100,"breadcrumbs":[{"code":"2","name":"Carne & pește","slug":"2-carne-si-peste"},{"code":"201","name":"Carne de vită și oaie","slug":"201-carne-de-vita-si-oaie"},{"code":"20101","name":"Mânzat","slug":"20101-manzat"},{"code":"100147536","name":"Cubulețe carne de vită eco 500g","slug":"100147536-bioforia-cubulete-carne-de-vita-eco-500g"}],"activePromotion":null,"saveMe":null,"labels":[],"geniusPrice":null,"geniusUnitPricePerLabel":null,"banner":null,"discountLabel":null,"geniusDiscountLabel":null,"badge":null},{"code":"100133251","variantCode":"100133251","name":"Carne tocată de porc, vită 900g","slug":"100133251-peris-carne-tocata-de-porc-vita-900g","unitPriceLabel":"31,1 Lei/kg","brand":"Periș","brandCode":"2517","brandFilterCode":"peris-b2519","sku":"100133251","price":27.99,"originalPrice":null,"currencyCode":"RON","currency":"Lei","image":{"thumbnail":{"default":"https://cdn.freshful.ro/media/cache/sylius_shop_product_thumbnail/30/4d/6fd2d049c97bfe5e749fa26dd17b.jpg"},"large":{"default":"https://cdn.freshful.ro/media/cache/freshful_large/30/4d/6fd2d049c97bfe5e749fa26dd17b.jpg"},"extralarge":{"default":"https://cdn.freshful.ro/media/cache/sylius_shop_product_original/30/4d/6fd2d049c97bfe5e749fa26dd17b.jpg"}},"label":null,"tags":[{"type":"MadeInRomania","text":"Made In Romania","icon":"https://cdn.freshful.ro/assets/product_tags/made_in_romania.svg","iconPng":"https://cdn.freshful.ro/assets/product_tags/made_in_romania.png","backgroundColor":"#EDF2FD","textColor":"#1653CA"}],"isAvailable":true,"maxAvailableQuantity":18,"maxAllowedQuantity":100,"breadcrumbs":[{"code":"2","name":"Carne & pește","slug":"2-carne-si-peste"},{"code":"201","name":"Carne de vită și oaie","slug":"201-carne-de-vita-si-oaie"},{"code":"20101","name":"Mânzat","slug":"20101-manzat"},{"code":"100133251","name":"Carne tocată de porc, vită 900g","slug":"100133251-peris-carne-tocata-de-porc-vita-900g"}],"activePromotion":null,"saveMe":null,"labels":[],"geniusPrice":null,"geniusUnitPricePerLabel":null,"banner":null,"discountLabel":null,"geniusDiscountLabel":null,"badge":null}]},{"analyticsListId":"category-slot_202-carne-de-porc","analyticsListName":"Category Slot - Carne de porc","type":"products_carousel","title":"Carne de porc","link":{"title":"Mai multe","count":23,"url":"/c/2-carne-si-peste/202-carne-de-porc"},"products":[{"code":"100133104","variantCode":"100133104","name":"Mușchiuleț de porc 500g","slug":"100133104-kravys-muschiulet-de-porc-500g","unitPriceLabel":"51,18 Lei/kg","brand":"Chef De Gătit","brandCode":"173","brandFilterCode":"chef-de-gatit-b174","sku":"100133104","price":25.59,"originalPrice":null,"currencyCode":"RON","currency":"Lei","image":{"thumbnail":{"default":"https://cdn.freshful.ro/media/cache/sylius_shop_product_thumbnail/a1/d8/e64dc4de968e325403f486a03af9.jpg"},"large":{"default":"https://cdn.freshful.ro/media/cache/freshful_large/a1/d8/e64dc4de968e325403f486a03af9.jpg"},"extralarge":{"default":"https://cdn.freshful.ro/media/cache/sylius_shop_product_original/a1/d8/e64dc4de968e325403f486a03af9.jpg"}},"label":null,"tags":[{"type":"MadeInRomania","text":"Made In Romania","icon":"https://cdn.freshful.ro/assets/product_tags/made_in_romania.svg","iconPng":"https://cdn.freshful.ro/assets/product_tags/made_in_romania.png","backgroundColor":"#EDF2FD","textColor":"#1653CA"}],"isAvailable":true,"maxAvailableQuantity":24,"maxAllowedQuantity":100,"breadcrumbs":[{"code":"2","name":"Carne & pește","slug":"2-carne-si-peste"},{"code":"202","name":"Carne de porc","slug":"202-carne-de-porc"},{"code":"20201","name":"Porc","slug":"20201-porc"},{"code":"100133104","name":"Mușchiuleț de porc 500g","slug":"100133104-kravys-muschiulet-de-porc-500g"}],"activePromotion":null,"saveMe":null,"labels":[],"geniusPrice":null,"geniusUnitPricePerLabel":null,"banner":null,"discountLabel":null,"geniusDiscountLabel":null,"badge":null},{"code":"100001877","variantCode":"100001877","name":"Șorici porc pârlit, rulat 200g","slug":"100001877-wau-sorici-porc-parlit-rulat-200g","unitPriceLabel":"59,95 Lei/kg","brand":"Wau","brandCode":"171","brandFilterCode":"wau-b172","sku":"100001877","price":11.99,"originalPrice":null,"currencyCode":"RON","currency":"Lei","image":{"thumbnail":{"default":"https://cdn.freshful.ro/media/cache/sylius_shop_product_thumbnail/40/d1/2180e941368f4f80d268b92be1f4.jpg"},"large":{"default":"https://cdn.freshful.ro/media/cache/freshful_large/40/d1/2180e941368f4f80d268b92be1f4.jpg"},"extralarge":{"default":"https://cdn.freshful.ro/media/cache/sylius_shop_product_original/40/d1/2180e941368f4f80d268b92be1f4.jpg"}},"label":null,"tags":[{"type":"MadeInRomania","text":"Made In Romania","icon":"https://cdn.freshful.ro/assets/product_tags/made_in_romania.svg","iconPng":"https://cdn.freshful.ro/assets/product_tags/made_in_romania.png","backgroundColor":"#EDF2FD","textColor":"#1653CA"}],"isAvailable":true,"maxAvailableQuantity":88,"maxAllowedQuantity":100,"breadcrumbs":[{"code":"2","name":"Carne & pește","slug":"2-carne-si-peste"},{"code":"202","name":"Carne de porc","slug":"202-carne-de-porc"},{"code":"20201","name":"Porc","slug":"20201-porc"},{"code":"100001877","name":"Șorici porc pârlit, rulat 200g","slug":"100001877-wau-sorici-porc-parlit-rulat-200g"}],"activePromotion":null,"saveMe":null,"labels":[],"geniusPrice":null,"geniusUnitPricePerLabel":null,"banner":null,"discountLabel":null,"geniusDiscountLabel":null,"badge":null},{"code":"100001879","variantCode":"100001879","name":"Urechi de porc coapte feliate 150g","slug":"100001879-wau-urechi-de-porc-coapte-feliate-150g","unitPriceLabel":"73,27 Lei/kg","brand":"Wau","brandCode":"171","brandFilterCode":"wau-b172","sku":"100001879","price":10.99,"originalPrice":null,"currencyCode":"RON","currency":"Lei","image":{"thumbnail":{"default":"https://cdn.freshful.ro/media/cache/sylius_shop_product_thumbnail/e1/4b/ddbba09410570207b521537ea31f.jpg"},"large":{"default":"https://cdn.freshful.ro/media/cache/freshful_large/e1/4b/ddbba09410570207b521537ea31f.jpg"},"extralarge":{"default":"https://cdn.freshful.ro/media/cache/sylius_shop_product_original/e1/4b/ddbba09410570207b521537ea31f.jpg"}},"label":null,"tags":[{"type":"MadeInRomania","text":"Made In Romania","icon":"https://cdn.freshful.ro/assets/product_tags/made_in_romania.svg","iconPng":"https://cdn.freshful.ro/assets/product_tags/made_in_romania.png","backgroundColor":"#EDF2FD","textColor":"#1653CA"},{"type":"Natural","text":"Natural","icon":"https://cdn.freshful.ro/assets/product_tags/natural.svg","iconPng":"https://cdn.freshful.ro/assets/product_tags/natural.png","backgroundColor":"#E9FCF2","textColor":"#18AF62"}],"isAvailable":true,"maxAvailableQuantity":97,"maxAllowedQuantity":100,"breadcrumbs":[{"code":"2","name":"Carne & pește","slug":"2-carne-si-peste"},{"code":"202","name":"Carne de porc","slug":"202-carne-de-porc"},{"code":"20201","name":"Porc","slug":"20201-porc"},{"code":"100001879","name":"Urechi de porc coapte feliate 150g","slug":"100001879-wau-urechi-de-porc-coapte-feliate-150g"}],"activePromotion":null,"saveMe":null,"labels":[],"geniusPrice":null,"geniusUnitPricePerLabel":null,"banner":null,"discountLabel":null,"geniusDiscountLabel":null,"badge":null},{"code":"100030446","variantCode":"100030446","name":"Carne tocată de porc 1000g","slug":"100030446-chef-de-gatit-carne-tocata-de-porc-1000g","unitPriceLabel":"18,89 Lei/kg","brand":"Chef De Gătit","brandCode":"173","brandFilterCode":"chef-de-gatit-b174","sku":"100030446","price":18.89,"originalPrice":null,"currencyCode":"RON","currency":"Lei","image":{"thumbnail":{"default":"https://cdn.freshful.ro/media/cache/sylius_shop_product_thumbnail/da/ff/d2c0d0daec9a167145fd698b1d06.jpg"},"large":{"default":"https://cdn.freshful.ro/media/cache/freshful_large/da/ff/d2c0d0daec9a167145fd698b1d06.jpg"},"extralarge":{"default":"https://cdn.freshful.ro/media/cache/sylius_shop_product_original/da/ff/d2c0d0daec9a167145fd698b1d06.jpg"}},"label":{"text":"Primul preț","backgroundColor":"#3A0808","textColor":"#FFFFFF"},"tags":[{"type":"MadeInRomania","text":"Made In Romania","icon":"https://cdn.freshful.ro/assets/product_tags/made_in_romania.svg","iconPng":"https://cdn.freshful.ro/assets/product_tags/made_in_romania.png","backgroundColor":"#EDF2FD","textColor":"#1653CA"}],"isAvailable":true,"maxAvailableQuantity":10,"maxAllowedQuantity":100,"breadcrumbs":[{"code":"2","name":"Carne & pește","slug":"2-carne-si-peste"},{"code":"202","name":"Carne de porc","slug":"202-carne-de-porc"},{"code":"20201","name":"Porc","slug":"20201-porc"},{"code":"100030446","name":"Carne tocată de porc 1000g","slug":"100030446-chef-de-gatit-carne-tocata-de-porc-1000g"}],"activePromotion":null,"saveMe":null,"labels":[{"type":"v4","items":[{"text":"Primul","backgroundColor":"#3A0808","textColor":"#FFFFFF"},{"text":"preț","backgroundColor":"#BC0606","textColor":"#FFFFFF"}]}],"geniusPrice":null,"geniusUnitPricePerLabel":null,"banner":null,"discountLabel":null,"geniusDiscountLabel":null,"badge":null},{"code":"100133239","variantCode":"100133239","name":"Cotlet de porc, feliat 650g","slug":"100133239-peris-cotlet-de-porc-feliat-650g","unitPriceLabel":"36,52 Lei/kg","brand":"Periș","brandCode":"2517","brandFilterCode":"peris-b2519","sku":"100133239","price":23.74,"originalPrice":null,"currencyCode":"RON","currency":"Lei","image":{"thumbnail":{"default":"https://cdn.freshful.ro/media/cache/sylius_shop_product_thumbnail/a3/93/17dde334b3af05d9ebe5ca7aae84.jpg"},"large":{"default":"https://cdn.freshful.ro/media/cache/freshful_large/a3/93/17dde334b3af05d9ebe5ca7aae84.jpg"},"extralarge":{"default":"https://cdn.freshful.ro/media/cache/sylius_shop_product_original/a3/93/17dde334b3af05d9ebe5ca7aae84.jpg"}},"label":null,"tags":[{"type":"MadeInRomania","text":"Made In Romania","icon":"https://cdn.freshful.ro/assets/product_tags/made_in_romania.svg","iconPng":"https://cdn.freshful.ro/assets/product_tags/made_in_romania.png","backgroundColor":"#EDF2FD","textColor":"#1653CA"}],"isAvailable":true,"maxAvailableQuantity":28,"maxAllowedQuantity":100,"breadcrumbs":[{"code":"2","name":"Carne & pește","slug":"2-carne-si-peste"},{"code":"202","name":"Carne de porc","slug":"202-carne-de-porc"},{"code":"20201","name":"Porc","slug":"20201-porc"},{"code":"100133239","name":"Cotlet de porc, feliat 650g","slug":"100133239-peris-cotlet-de-porc-feliat-650g"}],"activePromotion":null,"saveMe":null,"labels":[],"geniusPrice":null,"geniusUnitPricePerLabel":null,"banner":null,"discountLabel":null,"geniusDiscountLabel":null,"badge":null},{"code":"100133238","variantCode":"100133238","name":"Ceafă de porc feliată, fără os 650g","slug":"100133238-peris-ceafa-de-porc-feliata-fara-os-650g","unitPriceLabel":"37,25 Lei/kg","brand":"Periș","brandCode":"2517","brandFilterCode":"peris-b2519","sku":"100133238","price":24.21,"originalPrice":null,"currencyCode":"RON","currency":"Lei","image":{"thumbnail":{"default":"https://cdn.freshful.ro/media/cache/sylius_shop_product_thumbnail/fc/a0/689cfd4d993d92f520838c3bf2f8.jpg"},"large":{"default":"https://cdn.freshful.ro/media/cache/freshful_large/fc/a0/689cfd4d993d92f520838c3bf2f8.jpg"},"extralarge":{"default":"https://cdn.freshful.ro/media/cache/sylius_shop_product_original/fc/a0/689cfd4d993d92f520838c3bf2f8.jpg"}},"label":null,"tags":[{"type":"MadeInRomania","text":"Made In Romania","icon":"https://cdn.freshful.ro/assets/product_tags/made_in_romania.svg","iconPng":"https://cdn.freshful.ro/assets/product_tags/made_in_romania.png","backgroundColor":"#EDF2FD","textColor":"#1653CA"}],"isAvailable":true,"maxAvailableQuantity":31,"maxAllowedQuantity":100,"breadcrumbs":[{"code":"2","name":"Carne & pește","slug":"2-carne-si-peste"},{"code":"202","name":"Carne de porc","slug":"202-carne-de-porc"},{"code":"20201","name":"Porc","slug":"20201-porc"},{"code":"100133238","name":"Ceafă de porc feliată, fără os 650g","slug":"100133238-peris-ceafa-de-porc-feliata-fara-os-650g"}],"activePromotion":null,"saveMe":null,"labels":[],"geniusPrice":null,"geniusUnitPricePerLabel":null,"banner":null,"discountLabel":null,"geniusDiscountLabel":null,"badge":null},{"code":"100030442","variantCode":"100030442","name":"Cotlet de porc fără os, feliat 400g","slug":"100030442-chef-de-grill-cotlet-de-porc-fara-os-feliat-400g","unitPriceLabel":"42,45 Lei/kg","brand":"Chef De Grill","brandCode":"174","brandFilterCode":"chef-de-grill-b175","sku":"100030442","price":16.98,"originalPrice":null,"currencyCode":"RON","currency":"Lei","image":{"thumbnail":{"default":"https://cdn.freshful.ro/media/cache/sylius_shop_product_thumbnail/26/24/b152cdec55f011907b5b26211eb5.jpg"},"large":{"default":"https://cdn.freshful.ro/media/cache/freshful_large/26/24/b152cdec55f011907b5b26211eb5.jpg"},"extralarge":{"default":"https://cdn.freshful.ro/media/cache/sylius_shop_product_original/26/24/b152cdec55f011907b5b26211eb5.jpg"}},"label":null,"tags":[{"type":"MadeInRomania","text":"Made In Romania","icon":"https://cdn.freshful.ro/assets/product_tags/made_in_romania.svg","iconPng":"https://cdn.freshful.ro/assets/product_tags/made_in_romania.png","backgroundColor":"#EDF2FD","textColor":"#1653CA"}],"isAvailable":true,"maxAvailableQuantity":69,"maxAllowedQuantity":100,"breadcrumbs":[{"code":"2","name":"Carne & pește","slug":"2-carne-si-peste"},{"code":"202","name":"Carne de porc","slug":"202-carne-de-porc"},{"code":"20201","name":"Porc","slug":"20201-porc"},{"code":"100030442","name":"Cotlet de porc fără os, feliat 400g","slug":"100030442-chef-de-grill-cotlet-de-porc-fara-os-feliat-400g"}],"activePromotion":null,"saveMe":null,"labels":[],"geniusPrice":null,"geniusUnitPricePerLabel":null,"banner":null,"discountLabel":null,"geniusDiscountLabel":null,"badge":null},{"code":"100146015","variantCode":"100146015","name":"Ceafă de porc fără os, feliată 600g","slug":"100146015-diana-ceafa-de-porc-fara-os-feliata-600g","unitPriceLabel":"39,32 Lei/kg","brand":"Diana","brandCode":"355","brandFilterCode":"diana-b356","sku":"100146015","price":23.59,"originalPrice":null,"currencyCode":"RON","currency":"Lei","image":{"thumbnail":{"default":"https://cdn.freshful.ro/media/cache/sylius_shop_product_thumbnail/70/2a/b220765684cdb42b40320d1222bf.jpg"},"large":{"default":"https://cdn.freshful.ro/media/cache/freshful_large/70/2a/b220765684cdb42b40320d1222bf.jpg"},"extralarge":{"default":"https://cdn.freshful.ro/media/cache/sylius_shop_product_original/70/2a/b220765684cdb42b40320d1222bf.jpg"}},"label":null,"tags":[{"type":"MadeInRomania","text":"Made In Romania","icon":"https://cdn.freshful.ro/assets/product_tags/made_in_romania.svg","iconPng":"https://cdn.freshful.ro/assets/product_tags/made_in_romania.png","backgroundColor":"#EDF2FD","textColor":"#1653CA"}],"isAvailable":true,"maxAvailableQuantity":13,"maxAllowedQuantity":100,"breadcrumbs":[{"code":"2","name":"Carne & pește","slug":"2-carne-si-peste"},{"code":"202","name":"Carne de porc","slug":"202-carne-de-porc"},{"code":"20201","name":"Porc","slug":"20201-porc"},{"code":"100146015","name":"Ceafă de porc fără os, feliată 600g","slug":"100146015-diana-ceafa-de-porc-fara-os-feliata-600g"}],"activePromotion":null,"saveMe":null,"labels":[],"geniusPrice":null,"geniusUnitPricePerLabel":null,"banner":null,"discountLabel":null,"geniusDiscountLabel":null,"badge":null},{"code":"100133242","variantCode":"100133242","name":"Gulaș de porc 500g","slug":"100133242-peris-gulas-de-porc-500g","unitPriceLabel":"34,98 Lei/kg","brand":"Periș","brandCode":"2517","brandFilterCode":"peris-b2519","sku":"100133242","price":17.49,"originalPrice":null,"currencyCode":"RON","currency":"Lei","image":{"thumbnail":{"default":"https://cdn.freshful.ro/media/cache/sylius_shop_product_thumbnail/b3/3d/0e90402392253d4d18d2b7120f3a.jpg"},"large":{"default":"https://cdn.freshful.ro/media/cache/freshful_large/b3/3d/0e90402392253d4d18d2b7120f3a.jpg"},"extralarge":{"default":"https://cdn.freshful.ro/media/cache/sylius_shop_product_original/b3/3d/0e90402392253d4d18d2b7120f3a.jpg"}},"label":null,"tags":[{"type":"MadeInRomania","text":"Made In Romania","icon":"https://cdn.freshful.ro/assets/product_tags/made_in_romania.svg","iconPng":"https://cdn.freshful.ro/assets/product_tags/made_in_romania.png","backgroundColor":"#EDF2FD","textColor":"#1653CA"}],"isAvailable":true,"maxAvailableQuantity":28,"maxAllowedQuantity":100,"breadcrumbs":[{"code":"2","name":"Carne & pește","slug":"2-carne-si-peste"},{"code":"202","name":"Carne de porc","slug":"202-carne-de-porc"},{"code":"20201","name":"Porc","slug":"20201-porc"},{"code":"100133242","name":"Gulaș de porc 500g","slug":"100133242-peris-gulas-de-porc-500g"}],"activePromotion":null,"saveMe":null,"labels":[],"geniusPrice":null,"geniusUnitPricePerLabel":null,"banner":null,"discountLabel":null,"geniusDiscountLabel":null,"badge":null},{"code":"100133250","variantCode":"100133250","name":"Carne tocată de porc 900g","slug":"100133250-peris-carne-tocata-de-porc-900g","unitPriceLabel":"26,1 Lei/kg","brand":"Periș","brandCode":"2517","brandFilterCode":"peris-b2519","sku":"100133250","price":23.49,"originalPrice":null,"currencyCode":"RON","currency":"Lei","image":{"thumbnail":{"default":"https://cdn.freshful.ro/media/cache/sylius_shop_product_thumbnail/fe/cc/fee9785063153a61b9cfa2801533.jpg"},"large":{"default":"https://cdn.freshful.ro/media/cache/freshful_large/fe/cc/fee9785063153a61b9cfa2801533.jpg"},"extralarge":{"default":"https://cdn.freshful.ro/media/cache/sylius_shop_product_original/fe/cc/fee9785063153a61b9cfa2801533.jpg"}},"label":null,"tags":[{"type":"MadeInRomania","text":"Made In Romania","icon":"https://cdn.freshful.ro/assets/product_tags/made_in_romania.svg","iconPng":"https://cdn.freshful.ro/assets/product_tags/made_in_romania.png","backgroundColor":"#EDF2FD","textColor":"#1653CA"}],"isAvailable":true,"maxAvailableQuantity":29,"maxAllowedQuantity":100,"breadcrumbs":[{"code":"2","name":"Carne & pește","slug":"2-carne-si-peste"},{"code":"202","name":"Carne de porc","slug":"202-carne-de-porc"},{"code":"20201","name":"Porc","slug":"20201-porc"},{"code":"100133250","name":"Carne tocată de porc 900g","slug":"100133250-peris-carne-tocata-de-porc-900g"}],"activePromotion":null,"saveMe":null,"labels":[],"geniusPrice":null,"geniusUnitPricePerLabel":null,"banner":null,"discountLabel":null,"geniusDiscountLabel":null,"badge":null}]},{"analyticsListId":"category-slot_203-carne-de-pasare","analyticsListName":"Category Slot - Carne de pasăre","type":"products_carousel","title":"Carne de pasăre","link":{"title":"Mai multe","count":46,"url":"/c/2-carne-si-peste/203-carne-de-pasare"},"products":[{"code":"100135614","variantCode":"100135614","name":"Ciocănele de pui 630g","slug":"100135614-cocorico-ciocanele-de-pui-630g","unitPriceLabel":"18,83 Lei/kg","brand":"Cocorico","brandCode":"211","brandFilterCode":"cocorico-b212","sku":"100135614","price":11.86,"originalPrice":null,"currencyCode":"RON","currency":"Lei","image":{"thumbnail":{"default":"https://cdn.freshful.ro/media/cache/sylius_shop_product_thumbnail/42/d6/485fc8e6a72c4eb51f58e18d183c.jpg"},"large":{"default":"https://cdn.freshful.ro/media/cache/freshful_large/42/d6/485fc8e6a72c4eb51f58e18d183c.jpg"},"extralarge":{"default":"https://cdn.freshful.ro/media/cache/sylius_shop_product_original/42/d6/485fc8e6a72c4eb51f58e18d183c.jpg"}},"label":{"text":"Primul preț","backgroundColor":"#3A0808","textColor":"#FFFFFF"},"tags":[{"type":"MadeInRomania","text":"Made In Romania","icon":"https://cdn.freshful.ro/assets/product_tags/made_in_romania.svg","iconPng":"https://cdn.freshful.ro/assets/product_tags/made_in_romania.png","backgroundColor":"#EDF2FD","textColor":"#1653CA"}],"isAvailable":true,"maxAvailableQuantity":100,"maxAllowedQuantity":100,"breadcrumbs":[{"code":"2","name":"Carne & pește","slug":"2-carne-si-peste"},{"code":"203","name":"Carne de pasăre","slug":"203-carne-de-pasare"},{"code":"20301","name":"Pui","slug":"20301-pui"},{"code":"100135614","name":"Ciocănele de pui 630g","slug":"100135614-cocorico-ciocanele-de-pui-630g"}],"activePromotion":null,"saveMe":null,"labels":[{"type":"v4","items":[{"text":"Primul","backgroundColor":"#3A0808","textColor":"#FFFFFF"},{"text":"preț","backgroundColor":"#BC0606","textColor":"#FFFFFF"}]}],"geniusPrice":null,"geniusUnitPricePerLabel":null,"banner":null,"discountLabel":null,"geniusDiscountLabel":null,"badge":null},{"code":"100135615","variantCode":"100135615","name":"Piept de pui dezosat 630g","slug":"100135615-cocorico-piept-de-pui-dezosat-630g","unitPriceLabel":"34,43 Lei/kg","brand":"Cocorico","brandCode":"211","brandFilterCode":"cocorico-b212","sku":"100135615","price":21.69,"originalPrice":null,"currencyCode":"RON","currency":"Lei","image":{"thumbnail":{"default":"https://cdn.freshful.ro/media/cache/sylius_shop_product_thumbnail/47/5f/08bcf1a075fd10cc6de2e5cc7a63.jpg"},"large":{"default":"https://cdn.freshful.ro/media/cache/freshful_large/47/5f/08bcf1a075fd10cc6de2e5cc7a63.jpg"},"extralarge":{"default":"https://cdn.freshful.ro/media/cache/sylius_shop_product_original/47/5f/08bcf1a075fd10cc6de2e5cc7a63.jpg"}},"label":null,"tags":[{"type":"MadeInRomania","text":"Made In Romania","icon":"https://cdn.freshful.ro/assets/product_tags/made_in_romania.svg","iconPng":"https://cdn.freshful.ro/assets/product_tags/made_in_romania.png","backgroundColor":"#EDF2FD","textColor":"#1653CA"}],"isAvailable":true,"maxAvailableQuantity":100,"maxAllowedQuantity":100,"breadcrumbs":[{"code":"2","name":"Carne & pește","slug":"2-carne-si-peste"},{"code":"203","name":"Carne de pasăre","slug":"203-carne-de-pasare"},{"code":"20301","name":"Pui","slug":"20301-pui"},{"code":"100135615","name":"Piept de pui dezosat 630g","slug":"100135615-cocorico-piept-de-pui-dezosat-630g"}],"activePromotion":null,"saveMe":null,"labels":[],"geniusPrice":null,"geniusUnitPricePerLabel":null,"banner":null,"discountLabel":null,"geniusDiscountLabel":null,"badge":null},{"code":"100036601","variantCode":"5941876001614","name":"Mușchiuleț de pui 370g","slug":"100036601-cocorico-muschiulet-de-pui-370g","unitPriceLabel":"31,81 Lei/kg","brand":"Cocorico","brandCode":"211","brandFilterCode":"cocorico-b212","sku":"100036601","price":11.77,"originalPrice":null,"currencyCode":"RON","currency":"Lei","image":{"thumbnail":{"default":"https://cdn.freshful.ro/media/cache/sylius_shop_product_thumbnail/12/af/387820fa5c5775834e38708c7799.jpg"},"large":{"default":"https://cdn.freshful.ro/media/cache/freshful_large/12/af/387820fa5c5775834e38708c7799.jpg"},"extralarge":{"default":"https://cdn.freshful.ro/media/cache/sylius_shop_product_original/12/af/387820fa5c5775834e38708c7799.jpg"}},"label":null,"tags":[{"type":"MadeInRomania","text":"Made In Romania","icon":"https://cdn.freshful.ro/assets/product_tags/made_in_romania.svg","iconPng":"https://cdn.freshful.ro/assets/product_tags/made_in_romania.png","backgroundColor":"#EDF2FD","textColor":"#1653CA"}],"isAvailable":true,"maxAvailableQuantity":58,"maxAllowedQuantity":100,"breadcrumbs":[{"code":"2","name":"Carne & pește","slug":"2-carne-si-peste"},{"code":"203","name":"Carne de pasăre","slug":"203-carne-de-pasare"},{"code":"20301","name":"Pui","slug":"20301-pui"},{"code":"100036601","name":"Mușchiuleț de pui 370g","slug":"100036601-cocorico-muschiulet-de-pui-370g"}],"activePromotion":null,"saveMe":null,"labels":[],"geniusPrice":null,"geniusUnitPricePerLabel":null,"banner":null,"discountLabel":null,"geniusDiscountLabel":null,"badge":null},{"code":"100135616","variantCode":"100135616","name":"Pulpe de pui superioare dezosate 630g","slug":"100135616-cocorico-pulpe-de-pui-superioare-dezosate-630g","unitPriceLabel":"25,32 Lei/kg","brand":"Cocorico","brandCode":"211","brandFilterCode":"cocorico-b212","sku":"100135616","price":15.95,"originalPrice":null,"currencyCode":"RON","currency":"Lei","image":{"thumbnail":{"default":"https://cdn.freshful.ro/media/cache/sylius_shop_product_thumbnail/a7/fc/671c0b401ce850be1be10aab712e.jpg"},"large":{"default":"https://cdn.freshful.ro/media/cache/freshful_large/a7/fc/671c0b401ce850be1be10aab712e.jpg"},"extralarge":{"default":"https://cdn.freshful.ro/media/cache/sylius_shop_product_original/a7/fc/671c0b401ce850be1be10aab712e.jpg"}},"label":null,"tags":[{"type":"MadeInRomania","text":"Made In Romania","icon":"https://cdn.freshful.ro/assets/product_tags/made_in_romania.svg","iconPng":"https://cdn.freshful.ro/assets/product_tags/made_in_romania.png","backgroundColor":"#EDF2FD","textColor":"#1653CA"}],"isAvailable":true,"maxAvailableQuantity":100,"maxAllowedQuantity":100,"breadcrumbs":[{"code":"2","name":"Carne & pește","slug":"2-carne-si-peste"},{"code":"203","name":"Carne de pasăre","slug":"203-carne-de-pasare"},{"code":"20301","name":"Pui","slug":"20301-pui"},{"code":"100135616","name":"Pulpe de pui superioare dezosate 630g","slug":"100135616-cocorico-pulpe-de-pui-superioare-dezosate-630g"}],"activePromotion":null,"saveMe":null,"labels":[],"geniusPrice":null,"geniusUnitPricePerLabel":null,"banner":null,"discountLabel":null,"geniusDiscountLabel":null,"badge":null},{"code":"100135617","variantCode":"100135617","name":"Aripi de pui secționate 630g","slug":"100135617-cocorico-aripi-de-pui-sectionate-630g","unitPriceLabel":"19,59 Lei/kg","brand":"Cocorico","brandCode":"211","brandFilterCode":"cocorico-b212","sku":"100135617","price":12.34,"originalPrice":null,"currencyCode":"RON","currency":"Lei","image":{"thumbnail":{"default":"https://cdn.freshful.ro/media/cache/sylius_shop_product_thumbnail/7a/02/c33ca422d670768e31a7e67d772e.jpg"},"large":{"default":"https://cdn.freshful.ro/media/cache/freshful_large/7a/02/c33ca422d670768e31a7e67d772e.jpg"},"extralarge":{"default":"https://cdn.freshful.ro/media/cache/sylius_shop_product_original/7a/02/c33ca422d670768e31a7e67d772e.jpg"}},"label":null,"tags":[],"isAvailable":true,"maxAvailableQuantity":100,"maxAllowedQuantity":100,"breadcrumbs":[{"code":"2","name":"Carne & pește","slug":"2-carne-si-peste"},{"code":"203","name":"Carne de pasăre","slug":"203-carne-de-pasare"},{"code":"20301","name":"Pui","slug":"20301-pui"},{"code":"100135617","name":"Aripi de pui secționate 630g","slug":"100135617-cocorico-aripi-de-pui-sectionate-630g"}],"activePromotion":null,"saveMe":null,"labels":[],"geniusPrice":null,"geniusUnitPricePerLabel":null,"banner":null,"discountLabel":null,"geniusDiscountLabel":null,"badge":null},{"code":"100030385","variantCode":"5941460011241","name":"Mușchiuleț din piept de pui 500g","slug":"100030385-agricola-muschiulet-din-piept-de-pui-500g","unitPriceLabel":"34,58 Lei/kg","brand":"Agricola","brandCode":"70","brandFilterCode":"agricola-b68","sku":"100030385","price":17.29,"originalPrice":null,"currencyCode":"RON","currency":"Lei","image":{"thumbnail":{"default":"https://cdn.freshful.ro/media/cache/sylius_shop_product_thumbnail/49/58/39db78ee83f469458fd6d3580cf6.jpg"},"large":{"default":"https://cdn.freshful.ro/media/cache/freshful_large/49/58/39db78ee83f469458fd6d3580cf6.jpg"},"extralarge":{"default":"https://cdn.freshful.ro/media/cache/sylius_shop_product_original/49/58/39db78ee83f469458fd6d3580cf6.jpg"}},"label":null,"tags":[{"type":"MadeInRomania","text":"Made In Romania","icon":"https://cdn.freshful.ro/assets/product_tags/made_in_romania.svg","iconPng":"https://cdn.freshful.ro/assets/product_tags/made_in_romania.png","backgroundColor":"#EDF2FD","textColor":"#1653CA"}],"isAvailable":true,"maxAvailableQuantity":100,"maxAllowedQuantity":100,"breadcrumbs":[{"code":"2","name":"Carne & pește","slug":"2-carne-si-peste"},{"code":"203","name":"Carne de pasăre","slug":"203-carne-de-pasare"},{"code":"20301","name":"Pui","slug":"20301-pui"},{"code":"100030385","name":"Mușchiuleț din piept de pui 500g","slug":"100030385-agricola-muschiulet-din-piept-de-pui-500g"}],"activePromotion":null,"saveMe":null,"labels":[],"geniusPrice":null,"geniusUnitPricePerLabel":null,"banner":null,"discountLabel":null,"geniusDiscountLabel":null,"badge":null},{"code":"100030391","variantCode":"5941460009019","name":"Ficat de pui 500g","slug":"100030391-agricola-ficat-de-pui-500g","unitPriceLabel":"25,98 Lei/kg","brand":"Agricola","brandCode":"70","brandFilterCode":"agricola-b68","sku":"100030391","price":12.99,"originalPrice":null,"currencyCode":"RON","currency":"Lei","image":{"thumbnail":{"default":"https://cdn.freshful.ro/media/cache/sylius_shop_product_thumbnail/dd/10/b0936b30eb8491d7b179bf3b09d9.jpg"},"large":{"default":"https://cdn.freshful.ro/media/cache/freshful_large/dd/10/b0936b30eb8491d7b179bf3b09d9.jpg"},"extralarge":{"default":"https://cdn.freshful.ro/media/cache/sylius_shop_product_original/dd/10/b0936b30eb8491d7b179bf3b09d9.jpg"}},"label":null,"tags":[{"type":"MadeInRomania","text":"Made In Romania","icon":"https://cdn.freshful.ro/assets/product_tags/made_in_romania.svg","iconPng":"https://cdn.freshful.ro/assets/product_tags/made_in_romania.png","backgroundColor":"#EDF2FD","textColor":"#1653CA"}],"isAvailable":true,"maxAvailableQuantity":77,"maxAllowedQuantity":100,"breadcrumbs":[{"code":"2","name":"Carne & pește","slug":"2-carne-si-peste"},{"code":"203","name":"Carne de pasăre","slug":"203-carne-de-pasare"},{"code":"20301","name":"Pui","slug":"20301-pui"},{"code":"100030391","name":"Ficat de pui 500g","slug":"100030391-agricola-ficat-de-pui-500g"}],"activePromotion":null,"saveMe":null,"labels":[],"geniusPrice":null,"geniusUnitPricePerLabel":null,"banner":null,"discountLabel":null,"geniusDiscountLabel":null,"badge":null},{"code":"100036792","variantCode":"100036792","name":"Ficat de pui 500g","slug":"100036792-copioso-ficat-de-pui-500g","unitPriceLabel":"21,98 Lei/kg","brand":"Copioso","brandCode":"234","brandFilterCode":"copioso-b235","sku":"100036792","price":10.99,"originalPrice":null,"currencyCode":"RON","currency":"Lei","image":{"thumbnail":{"default":"https://cdn.freshful.ro/media/cache/sylius_shop_product_thumbnail/e0/da/62dc572ba2ae06bb00a3f9c9523a.jpg"},"large":{"default":"https://cdn.freshful.ro/media/cache/freshful_large/e0/da/62dc572ba2ae06bb00a3f9c9523a.jpg"},"extralarge":{"default":"https://cdn.freshful.ro/media/cache/sylius_shop_product_original/e0/da/62dc572ba2ae06bb00a3f9c9523a.jpg"}},"label":null,"tags":[{"type":"MadeInRomania","text":"Made In Romania","icon":"https://cdn.freshful.ro/assets/product_tags/made_in_romania.svg","iconPng":"https://cdn.freshful.ro/assets/product_tags/made_in_romania.png","backgroundColor":"#EDF2FD","textColor":"#1653CA"}],"isAvailable":true,"maxAvailableQuantity":100,"maxAllowedQuantity":100,"breadcrumbs":[{"code":"2","name":"Carne & pește","slug":"2-carne-si-peste"},{"code":"203","name":"Carne de pasăre","slug":"203-carne-de-pasare"},{"code":"20301","name":"Pui","slug":"20301-pui"},{"code":"100036792","name":"Ficat de pui 500g","slug":"100036792-copioso-ficat-de-pui-500g"}],"activePromotion":null,"saveMe":null,"labels":[],"geniusPrice":null,"geniusUnitPricePerLabel":null,"banner":null,"discountLabel":null,"geniusDiscountLabel":null,"badge":null},{"code":"100030396","variantCode":"5941460018530","name":"Pulpe pui superioare dezosate fără piele 700g","slug":"100030396-puiul-fericit-pulpe-pui-superioare-dezosate-fara-piele-700g","unitPriceLabel":"43,99 Lei/kg","brand":"Puiul Fericit","brandCode":"156","brandFilterCode":"puiul-fericit-b157","sku":"100030396","price":30.79,"originalPrice":null,"currencyCode":"RON","currency":"Lei","image":{"thumbnail":{"default":"https://cdn.freshful.ro/media/cache/sylius_shop_product_thumbnail/3c/c3/5f21da328d99f079277d59c2d905.jpg"},"large":{"default":"https://cdn.freshful.ro/media/cache/freshful_large/3c/c3/5f21da328d99f079277d59c2d905.jpg"},"extralarge":{"default":"https://cdn.freshful.ro/media/cache/sylius_shop_product_original/3c/c3/5f21da328d99f079277d59c2d905.jpg"}},"label":null,"tags":[{"type":"MadeInRomania","text":"Made In Romania","icon":"https://cdn.freshful.ro/assets/product_tags/made_in_romania.svg","iconPng":"https://cdn.freshful.ro/assets/product_tags/made_in_romania.png","backgroundColor":"#EDF2FD","textColor":"#1653CA"}],"isAvailable":true,"maxAvailableQuantity":76,"maxAllowedQuantity":100,"breadcrumbs":[{"code":"2","name":"Carne & pește","slug":"2-carne-si-peste"},{"code":"203","name":"Carne de pasăre","slug":"203-carne-de-pasare"},{"code":"20302","name":"Pui cu creștere lentă","slug":"20302-pui-cu-crestere-lenta"},{"code":"100030396","name":"Pulpe pui superioare dezosate fără piele 700g","slug":"100030396-puiul-fericit-pulpe-pui-superioare-dezosate-fara-piele-700g"}],"activePromotion":null,"saveMe":null,"labels":[],"geniusPrice":null,"geniusUnitPricePerLabel":null,"banner":null,"discountLabel":null,"geniusDiscountLabel":null,"badge":null},{"code":"100030386","variantCode":"5941460010961","name":"Piept de pui dezosat 650g","slug":"100030386-agricola-piept-de-pui-dezosat-650g","unitPriceLabel":"34,45 Lei/kg","brand":"Agricola","brandCode":"70","brandFilterCode":"agricola-b68","sku":"100030386","price":22.39,"originalPrice":null,"currencyCode":"RON","currency":"Lei","image":{"thumbnail":{"default":"https://cdn.freshful.ro/media/cache/sylius_shop_product_thumbnail/bb/46/81e30ac94591c75bd3dd6ca0ca5e.jpg"},"large":{"default":"https://cdn.freshful.ro/media/cache/freshful_large/bb/46/81e30ac94591c75bd3dd6ca0ca5e.jpg"},"extralarge":{"default":"https://cdn.freshful.ro/media/cache/sylius_shop_product_original/bb/46/81e30ac94591c75bd3dd6ca0ca5e.jpg"}},"label":null,"tags":[{"type":"MadeInRomania","text":"Made In Romania","icon":"https://cdn.freshful.ro/assets/product_tags/made_in_romania.svg","iconPng":"https://cdn.freshful.ro/assets/product_tags/made_in_romania.png","backgroundColor":"#EDF2FD","textColor":"#1653CA"}],"isAvailable":true,"maxAvailableQuantity":48,"maxAllowedQuantity":100,"breadcrumbs":[{"code":"2","name":"Carne & pește","slug":"2-carne-si-peste"},{"code":"203","name":"Carne de pasăre","slug":"203-carne-de-pasare"},{"code":"20301","name":"Pui","slug":"20301-pui"},{"code":"100030386","name":"Piept de pui dezosat 650g","slug":"100030386-agricola-piept-de-pui-dezosat-650g"}],"activePromotion":null,"saveMe":null,"labels":[],"geniusPrice":null,"geniusUnitPricePerLabel":null,"banner":null,"discountLabel":null,"geniusDiscountLabel":null,"badge":null}]},{"analyticsListId":"category-slot_204-alte-carnuri","analyticsListName":"Category Slot - Alte cărnuri","type":"products_carousel","title":"Alte cărnuri","link":{"title":"Mai multe","count":3,"url":"/c/2-carne-si-peste/204-alte-carnuri"},"products":[{"code":"100067408","variantCode":"100067408","name":"Steak de struț 200g","slug":"100067408-ograda-cu-struti-steak-de-strut-200g","unitPriceLabel":"149,95 Lei/kg","brand":"Ograda cu Struți","brandCode":"1173","brandFilterCode":"ograda-cu-struti-b1174","sku":"100067408","price":29.99,"originalPrice":null,"currencyCode":"RON","currency":"Lei","image":{"thumbnail":{"default":"https://cdn.freshful.ro/media/cache/sylius_shop_product_thumbnail/ba/31/59ae7da9648c94fef527716f2074.jpg"},"large":{"default":"https://cdn.freshful.ro/media/cache/freshful_large/ba/31/59ae7da9648c94fef527716f2074.jpg"},"extralarge":{"default":"https://cdn.freshful.ro/media/cache/sylius_shop_product_original/ba/31/59ae7da9648c94fef527716f2074.jpg"}},"label":{"text":"Mici producători","backgroundColor":"#7B61FF","textColor":"#FFFFFF"},"tags":[{"type":"MadeInRomania","text":"Made In Romania","icon":"https://cdn.freshful.ro/assets/product_tags/made_in_romania.svg","iconPng":"https://cdn.freshful.ro/assets/product_tags/made_in_romania.png","backgroundColor":"#EDF2FD","textColor":"#1653CA"}],"isAvailable":true,"maxAvailableQuantity":16,"maxAllowedQuantity":100,"breadcrumbs":[{"code":"2","name":"Carne & pește","slug":"2-carne-si-peste"},{"code":"204","name":"Alte cărnuri","slug":"204-alte-carnuri"},{"code":"20404","name":"Struț","slug":"20404-strut"},{"code":"100067408","name":"Steak de struț 200g","slug":"100067408-ograda-cu-struti-steak-de-strut-200g"}],"activePromotion":null,"saveMe":null,"labels":[{"type":"v1","items":[{"text":"Mici producători","backgroundColor":"#7B61FF","textColor":"#FFFFFF"}]}],"geniusPrice":null,"geniusUnitPricePerLabel":null,"banner":null,"discountLabel":null,"geniusDiscountLabel":null,"badge":null},{"code":"100067407","variantCode":"100067407","name":"File de struț 200g","slug":"100067407-ograda-cu-struti-file-de-strut-200g","unitPriceLabel":"189,95 Lei/kg","brand":"Ograda cu Struți","brandCode":"1173","brandFilterCode":"ograda-cu-struti-b1174","sku":"100067407","price":37.99,"originalPrice":null,"currencyCode":"RON","currency":"Lei","image":{"thumbnail":{"default":"https://cdn.freshful.ro/media/cache/sylius_shop_product_thumbnail/e9/e5/c1662c67b73e101b00565e6f497f.jpg"},"large":{"default":"https://cdn.freshful.ro/media/cache/freshful_large/e9/e5/c1662c67b73e101b00565e6f497f.jpg"},"extralarge":{"default":"https://cdn.freshful.ro/media/cache/sylius_shop_product_original/e9/e5/c1662c67b73e101b00565e6f497f.jpg"}},"label":{"text":"Mici producători","backgroundColor":"#7B61FF","textColor":"#FFFFFF"},"tags":[{"type":"MadeInRomania","text":"Made In Romania","icon":"https://cdn.freshful.ro/assets/product_tags/made_in_romania.svg","iconPng":"https://cdn.freshful.ro/assets/product_tags/made_in_romania.png","backgroundColor":"#EDF2FD","textColor":"#1653CA"}],"isAvailable":true,"maxAvailableQuantity":7,"maxAllowedQuantity":100,"breadcrumbs":[{"code":"2","name":"Carne & pește","slug":"2-carne-si-peste"},{"code":"204","name":"Alte cărnuri","slug":"204-alte-carnuri"},{"code":"20404","name":"Struț","slug":"20404-strut"},{"code":"100067407","name":"File de struț 200g","slug":"100067407-ograda-cu-struti-file-de-strut-200g"}],"activePromotion":null,"saveMe":null,"labels":[{"type":"v1","items":[{"text":"Mici producători","backgroundColor":"#7B61FF","textColor":"#FFFFFF"}]}],"geniusPrice":null,"geniusUnitPricePerLabel":null,"banner":null,"discountLabel":null,"geniusDiscountLabel":null,"badge":null},{"code":"100068640","variantCode":"100068640","name":"Felii din carne de struț pentru șnițel 250g","slug":"100068640-ograda-cu-struti-felii-din-carne-de-strut-pentru-snitel-250g","unitPriceLabel":"127,96 Lei/kg","brand":"Ograda cu Struți","brandCode":"1173","brandFilterCode":"ograda-cu-struti-b1174","sku":"100068640","price":31.99,"originalPrice":null,"currencyCode":"RON","currency":"Lei","image":{"thumbnail":{"default":"https://cdn.freshful.ro/media/cache/sylius_shop_product_thumbnail/c6/06/3c262eb24fac205334bc091abb4d.jpg"},"large":{"default":"https://cdn.freshful.ro/media/cache/freshful_large/c6/06/3c262eb24fac205334bc091abb4d.jpg"},"extralarge":{"default":"https://cdn.freshful.ro/media/cache/sylius_shop_product_original/c6/06/3c262eb24fac205334bc091abb4d.jpg"}},"label":{"text":"Mici producători","backgroundColor":"#7B61FF","textColor":"#FFFFFF"},"tags":[{"type":"MadeInRomania","text":"Made In Romania","icon":"https://cdn.freshful.ro/assets/product_tags/made_in_romania.svg","iconPng":"https://cdn.freshful.ro/assets/product_tags/made_in_romania.png","backgroundColor":"#EDF2FD","textColor":"#1653CA"}],"isAvailable":true,"maxAvailableQuantity":11,"maxAllowedQuantity":100,"breadcrumbs":[{"code":"2","name":"Carne & pește","slug":"2-carne-si-peste"},{"code":"204","name":"Alte cărnuri","slug":"204-alte-carnuri"},{"code":"20404","name":"Struț","slug":"20404-strut"},{"code":"100068640","name":"Felii din carne de struț pentru șnițel 250g","slug":"100068640-ograda-cu-struti-felii-din-carne-de-strut-pentru-snitel-250g"}],"activePromotion":null,"saveMe":null,"labels":[{"type":"v1","items":[{"text":"Mici producători","backgroundColor":"#7B61FF","textColor":"#FFFFFF"}]}],"geniusPrice":null,"geniusUnitPricePerLabel":null,"banner":null,"discountLabel":null,"geniusDiscountLabel":null,"badge":null}]},{"analyticsListId":"category-slot_205-mici-si-specialitati","analyticsListName":"Category Slot - Mici și specialități","type":"products_carousel","title":"Mici și specialități","link":{"title":"Mai multe","count":105,"url":"/c/2-carne-si-peste/205-mici-si-specialitati"},"products":[{"code":"100134194","variantCode":"100134194","name":"Mici de porc și vită 1000g","slug":"100134194-peris-mici-de-porc-si-vita-1000g","unitPriceLabel":"20,99 Lei/kg","brand":"Periș","brandCode":"2517","brandFilterCode":"peris-b2519","sku":"100134194","price":20.99,"originalPrice":24.99,"currencyCode":"RON","currency":"Lei","image":{"thumbnail":{"default":"https://cdn.freshful.ro/media/cache/sylius_shop_product_thumbnail/f2/5c/516b4abed550e0faf573fde91e2e.jpg"},"large":{"default":"https://cdn.freshful.ro/media/cache/freshful_large/f2/5c/516b4abed550e0faf573fde91e2e.jpg"},"extralarge":{"default":"https://cdn.freshful.ro/media/cache/sylius_shop_product_original/f2/5c/516b4abed550e0faf573fde91e2e.jpg"}},"label":{"text":"-16%","backgroundColor":"#FF9903","textColor":"#FFFFFF"},"tags":[{"type":"MadeInRomania","text":"Made In Romania","icon":"https://cdn.freshful.ro/assets/product_tags/made_in_romania.svg","iconPng":"https://cdn.freshful.ro/assets/product_tags/made_in_romania.png","backgroundColor":"#EDF2FD","textColor":"#1653CA"}],"isAvailable":true,"maxAvailableQuantity":53,"maxAllowedQuantity":100,"breadcrumbs":[{"code":"2","name":"Carne & pește","slug":"2-carne-si-peste"},{"code":"205","name":"Mici și specialități","slug":"205-mici-si-specialitati"},{"code":"20501","name":"Mici","slug":"20501-mici"},{"code":"100134194","name":"Mici de porc și vită 1000g","slug":"100134194-peris-mici-de-porc-si-vita-1000g"}],"activePromotion":{"code":"bunatatile-saptamanii-cw0923","name":"Preț redus","targetQuantity":null},"saveMe":null,"labels":[{"type":"v1","items":[{"text":"-16%","backgroundColor":"#FF9903","textColor":"#FFFFFF"}]}],"geniusPrice":null,"geniusUnitPricePerLabel":null,"banner":{"text":"Super preț","textColor":"#FF0000","bgColor":"#FFF2EC","icon":null,"link":"https://www.freshful.ro/oferte/bunatatile-saptamanii-cw0923","type":"promo","analyticsEventType":"select_promotion","analyticsEventPayload":{"promotion_id":"bunatatile-saptamanii-cw0923","promotion_name":"Oferta proaspătă a săptămânii"}},"discountLabel":"Economisești 16%","geniusDiscountLabel":null,"badge":null},{"code":"100150618","variantCode":"100150618","name":"Cârnăciori pentru bere 350g","slug":"100150618-peris-carnaciori-pentru-bere-350g","unitPriceLabel":"33,11 Lei/kg","brand":"Periș","brandCode":"2517","brandFilterCode":"peris-b2519","sku":"100150618","price":11.59,"originalPrice":14.59,"currencyCode":"RON","currency":"Lei","image":{"thumbnail":{"default":"https://cdn.freshful.ro/media/cache/sylius_shop_product_thumbnail/e1/b6/ffbf7e42d0fce08e16ea990f67aa.jpg"},"large":{"default":"https://cdn.freshful.ro/media/cache/freshful_large/e1/b6/ffbf7e42d0fce08e16ea990f67aa.jpg"},"extralarge":{"default":"https://cdn.freshful.ro/media/cache/sylius_shop_product_original/e1/b6/ffbf7e42d0fce08e16ea990f67aa.jpg"}},"label":{"text":"-20%","backgroundColor":"#FF9903","textColor":"#FFFFFF"},"tags":[{"type":"MadeInRomania","text":"Made In Romania","icon":"https://cdn.freshful.ro/assets/product_tags/made_in_romania.svg","iconPng":"https://cdn.freshful.ro/assets/product_tags/made_in_romania.png","backgroundColor":"#EDF2FD","textColor":"#1653CA"}],"isAvailable":true,"maxAvailableQuantity":10,"maxAllowedQuantity":100,"breadcrumbs":[{"code":"2","name":"Carne & pește","slug":"2-carne-si-peste"},{"code":"205","name":"Mici și specialități","slug":"205-mici-si-specialitati"},{"code":"20504","name":"Cârnați","slug":"20504-carnati-traditionali"},{"code":"100150618","name":"Cârnăciori pentru bere 350g","slug":"100150618-peris-carnaciori-pentru-bere-350g"}],"activePromotion":{"code":"bunatatile-saptamanii-cw0923","name":"Preț redus","targetQuantity":null},"saveMe":null,"labels":[{"type":"v1","items":[{"text":"-20%","backgroundColor":"#FF9903","textColor":"#FFFFFF"}]}],"geniusPrice":null,"geniusUnitPricePerLabel":null,"banner":{"text":"Super preț","textColor":"#FF0000","bgColor":"#FFF2EC","icon":null,"link":"https://www.freshful.ro/oferte/bunatatile-saptamanii-cw0923","type":"promo","analyticsEventType":"select_promotion","analyticsEventPayload":{"promotion_id":"bunatatile-saptamanii-cw0923","promotion_name":"Oferta proaspătă a săptămânii"}},"discountLabel":"Economisești 20%","geniusDiscountLabel":null,"badge":null},{"code":"100150702","variantCode":"100150702","name":"Cârnați de Pleșcoi 250g","slug":"100150702-wau-carnati-de-plescoi-250g","unitPriceLabel":"63,96 Lei/kg","brand":"Wau","brandCode":"171","brandFilterCode":"wau-b172","sku":"100150702","price":15.99,"originalPrice":18.98,"currencyCode":"RON","currency":"Lei","image":{"thumbnail":{"default":"https://cdn.freshful.ro/media/cache/sylius_shop_product_thumbnail/88/90/d8dc95b206c012cec60137931a69.jpg"},"large":{"default":"https://cdn.freshful.ro/media/cache/freshful_large/88/90/d8dc95b206c012cec60137931a69.jpg"},"extralarge":{"default":"https://cdn.freshful.ro/media/cache/sylius_shop_product_original/88/90/d8dc95b206c012cec60137931a69.jpg"}},"label":{"text":"-15%","backgroundColor":"#FF9903","textColor":"#FFFFFF"},"tags":[{"type":"NoE","text":"Fara E-uri","icon":"https://cdn.freshful.ro/assets/product_tags/fara_euri.svg","iconPng":"https://cdn.freshful.ro/assets/product_tags/fara_euri.png","backgroundColor":"#FCF5DF","textColor":"#CAA316"},{"type":"NoPreservatives","text":"Fara conservanti","icon":"https://cdn.freshful.ro/assets/product_tags/fara_conservanti.svg","iconPng":"https://cdn.freshful.ro/assets/product_tags/fara_conservanti.png","backgroundColor":"#F0F2FF","textColor":"#7889DD"}],"isAvailable":true,"maxAvailableQuantity":86,"maxAllowedQuantity":100,"breadcrumbs":[{"code":"2","name":"Carne & pește","slug":"2-carne-si-peste"},{"code":"205","name":"Mici și specialități","slug":"205-mici-si-specialitati"},{"code":"20504","name":"Cârnați","slug":"20504-carnati-traditionali"},{"code":"100150702","name":"Cârnați de Pleșcoi 250g","slug":"100150702-wau-carnati-de-plescoi-250g"}],"activePromotion":{"code":"bunatatile-saptamanii-cw0923","name":"Preț redus","targetQuantity":null},"saveMe":null,"labels":[{"type":"v1","items":[{"text":"-15%","backgroundColor":"#FF9903","textColor":"#FFFFFF"}]}],"geniusPrice":null,"geniusUnitPricePerLabel":null,"banner":{"text":"Super preț","textColor":"#FF0000","bgColor":"#FFF2EC","icon":null,"link":"https://www.freshful.ro/oferte/bunatatile-saptamanii-cw0923","type":"promo","analyticsEventType":"select_promotion","analyticsEventPayload":{"promotion_id":"bunatatile-saptamanii-cw0923","promotion_name":"Oferta proaspătă a săptămânii"}},"discountLabel":"Economisești 15%","geniusDiscountLabel":null,"badge":null},{"code":"100150700","variantCode":"100150700","name":"Pastramă afumată de oaie 250g","slug":"100150700-wau-pastrama-afumata-de-oaie-250g","unitPriceLabel":"74,36 Lei/kg","brand":"Wau","brandCode":"171","brandFilterCode":"wau-b172","sku":"100150700","price":18.59,"originalPrice":21.89,"currencyCode":"RON","currency":"Lei","image":{"thumbnail":{"default":"https://cdn.freshful.ro/media/cache/sylius_shop_product_thumbnail/ba/7c/b20cfc6f37d90597f77a5f7b7ee7.jpg"},"large":{"default":"https://cdn.freshful.ro/media/cache/freshful_large/ba/7c/b20cfc6f37d90597f77a5f7b7ee7.jpg"},"extralarge":{"default":"https://cdn.freshful.ro/media/cache/sylius_shop_product_original/ba/7c/b20cfc6f37d90597f77a5f7b7ee7.jpg"}},"label":{"text":"-15%","backgroundColor":"#FF9903","textColor":"#FFFFFF"},"tags":[{"type":"NoE","text":"Fara E-uri","icon":"https://cdn.freshful.ro/assets/product_tags/fara_euri.svg","iconPng":"https://cdn.freshful.ro/assets/product_tags/fara_euri.png","backgroundColor":"#FCF5DF","textColor":"#CAA316"},{"type":"NoPreservatives","text":"Fara conservanti","icon":"https://cdn.freshful.ro/assets/product_tags/fara_conservanti.svg","iconPng":"https://cdn.freshful.ro/assets/product_tags/fara_conservanti.png","backgroundColor":"#F0F2FF","textColor":"#7889DD"}],"isAvailable":true,"maxAvailableQuantity":40,"maxAllowedQuantity":100,"breadcrumbs":[{"code":"2","name":"Carne & pește","slug":"2-carne-si-peste"},{"code":"205","name":"Mici și specialități","slug":"205-mici-si-specialitati"},{"code":"20505","name":"Specialități afumate","slug":"20505-specialitati-traditionale-afumate"},{"code":"100150700","name":"Pastramă afumată de oaie 250g","slug":"100150700-wau-pastrama-afumata-de-oaie-250g"}],"activePromotion":{"code":"bunatatile-saptamanii-cw0923","name":"Preț redus","targetQuantity":null},"saveMe":null,"labels":[{"type":"v1","items":[{"text":"-15%","backgroundColor":"#FF9903","textColor":"#FFFFFF"}]}],"geniusPrice":null,"geniusUnitPricePerLabel":null,"banner":{"text":"Super preț","textColor":"#FF0000","bgColor":"#FFF2EC","icon":null,"link":"https://www.freshful.ro/oferte/bunatatile-saptamanii-cw0923","type":"promo","analyticsEventType":"select_promotion","analyticsEventPayload":{"promotion_id":"bunatatile-saptamanii-cw0923","promotion_name":"Oferta proaspătă a săptămânii"}},"discountLabel":"Economisești 15%","geniusDiscountLabel":null,"badge":null},{"code":"100144129","variantCode":"100144129","name":"Kebab din carne de vită și oaie 250g","slug":"100144129-gurmand-apetit-kebab-din-carne-de-vita-si-oaie-250g","unitPriceLabel":"75,92 Lei/kg","brand":"Gurmand Apetit","brandCode":"993","brandFilterCode":"gurmand-apetit-b1007","sku":"100144129","price":18.98,"originalPrice":null,"currencyCode":"RON","currency":"Lei","image":{"thumbnail":{"default":"https://cdn.freshful.ro/media/cache/sylius_shop_product_thumbnail/3f/1e/dea067a30ee112028082d4e3d6f1.jpg"},"large":{"default":"https://cdn.freshful.ro/media/cache/freshful_large/3f/1e/dea067a30ee112028082d4e3d6f1.jpg"},"extralarge":{"default":"https://cdn.freshful.ro/media/cache/sylius_shop_product_original/3f/1e/dea067a30ee112028082d4e3d6f1.jpg"}},"label":null,"tags":[{"type":"MadeInRomania","text":"Made In Romania","icon":"https://cdn.freshful.ro/assets/product_tags/made_in_romania.svg","iconPng":"https://cdn.freshful.ro/assets/product_tags/made_in_romania.png","backgroundColor":"#EDF2FD","textColor":"#1653CA"}],"isAvailable":true,"maxAvailableQuantity":56,"maxAllowedQuantity":100,"breadcrumbs":[{"code":"2","name":"Carne & pește","slug":"2-carne-si-peste"},{"code":"205","name":"Mici și specialități","slug":"205-mici-si-specialitati"},{"code":"20502","name":"Frigărui","slug":"20502-frigarui"},{"code":"100144129","name":"Kebab din carne de vită și oaie 250g","slug":"100144129-gurmand-apetit-kebab-din-carne-de-vita-si-oaie-250g"}],"activePromotion":null,"saveMe":null,"labels":[],"geniusPrice":null,"geniusUnitPricePerLabel":null,"banner":null,"discountLabel":null,"geniusDiscountLabel":null,"badge":null},{"code":"100132958","variantCode":"100132958","name":"Coastă grill 400g","slug":"100132958-mos-andrei-coasta-grill-400g","unitPriceLabel":"27,48 Lei/kg","brand":"Raionul De Carne","brandCode":"2914","brandFilterCode":"raionul-de-carne-b3008","sku":"100132958","price":10.99,"originalPrice":null,"currencyCode":"RON","currency":"Lei","image":{"thumbnail":{"default":"https://cdn.freshful.ro/media/cache/sylius_shop_product_thumbnail/24/c4/263305749e9e55896f2749de6b2d.jpg"},"large":{"default":"https://cdn.freshful.ro/media/cache/freshful_large/24/c4/263305749e9e55896f2749de6b2d.jpg"},"extralarge":{"default":"https://cdn.freshful.ro/media/cache/sylius_shop_product_original/24/c4/263305749e9e55896f2749de6b2d.jpg"}},"label":{"text":"Mici producători","backgroundColor":"#7B61FF","textColor":"#FFFFFF"},"tags":[],"isAvailable":true,"maxAvailableQuantity":28,"maxAllowedQuantity":100,"breadcrumbs":[{"code":"2","name":"Carne & pește","slug":"2-carne-si-peste"},{"code":"205","name":"Mici și specialități","slug":"205-mici-si-specialitati"},{"code":"20506","name":"Specialități marinate","slug":"20506-specialitati-traditionate-marinate"},{"code":"100132958","name":"Coastă grill 400g","slug":"100132958-mos-andrei-coasta-grill-400g"}],"activePromotion":null,"saveMe":null,"labels":[{"type":"v1","items":[{"text":"Mici producători","backgroundColor":"#7B61FF","textColor":"#FFFFFF"}]}],"geniusPrice":null,"geniusUnitPricePerLabel":null,"banner":null,"discountLabel":null,"geniusDiscountLabel":null,"badge":null},{"code":"100148264","variantCode":"100148264","name":"Cârnați Stick Mangaliță 130g","slug":"100148264-szekely-falat-carnati-stick-mangalita-130g","unitPriceLabel":"107,62 Lei/kg","brand":"Székely falat","brandCode":"998","brandFilterCode":"szekely-falat-b1012","sku":"100148264","price":13.99,"originalPrice":null,"currencyCode":"RON","currency":"Lei","image":{"thumbnail":{"default":"https://cdn.freshful.ro/media/cache/sylius_shop_product_thumbnail/83/ea/aca54c5e04d2020a0ce59122985d.jpg"},"large":{"default":"https://cdn.freshful.ro/media/cache/freshful_large/83/ea/aca54c5e04d2020a0ce59122985d.jpg"},"extralarge":{"default":"https://cdn.freshful.ro/media/cache/sylius_shop_product_original/83/ea/aca54c5e04d2020a0ce59122985d.jpg"}},"label":null,"tags":[{"type":"NoE","text":"Fara E-uri","icon":"https://cdn.freshful.ro/assets/product_tags/fara_euri.svg","iconPng":"https://cdn.freshful.ro/assets/product_tags/fara_euri.png","backgroundColor":"#FCF5DF","textColor":"#CAA316"}],"isAvailable":true,"maxAvailableQuantity":100,"maxAllowedQuantity":100,"breadcrumbs":[{"code":"2","name":"Carne & pește","slug":"2-carne-si-peste"},{"code":"205","name":"Mici și specialități","slug":"205-mici-si-specialitati"},{"code":"20505","name":"Specialități afumate","slug":"20505-specialitati-traditionale-afumate"},{"code":"100148264","name":"Cârnați Stick Mangaliță 130g","slug":"100148264-szekely-falat-carnati-stick-mangalita-130g"}],"activePromotion":null,"saveMe":null,"labels":[],"geniusPrice":null,"geniusUnitPricePerLabel":null,"banner":null,"discountLabel":null,"geniusDiscountLabel":null,"badge":null},{"code":"100064800","variantCode":"5941904200385","name":"Jambon Mangaliță 100g","slug":"100064800-szekely-falat-jambon-mangalita-100g","unitPriceLabel":"166,1 Lei/kg","brand":"Székely falat","brandCode":"998","brandFilterCode":"szekely-falat-b1012","sku":"100064800","price":16.61,"originalPrice":null,"currencyCode":"RON","currency":"Lei","image":{"thumbnail":{"default":"https://cdn.freshful.ro/media/cache/sylius_shop_product_thumbnail/fd/ca/dedd47d23d466b03e7b127ea1e48.jpg"},"large":{"default":"https://cdn.freshful.ro/media/cache/freshful_large/fd/ca/dedd47d23d466b03e7b127ea1e48.jpg"},"extralarge":{"default":"https://cdn.freshful.ro/media/cache/sylius_shop_product_original/fd/ca/dedd47d23d466b03e7b127ea1e48.jpg"}},"label":null,"tags":[{"type":"NoE","text":"Fara E-uri","icon":"https://cdn.freshful.ro/assets/product_tags/fara_euri.svg","iconPng":"https://cdn.freshful.ro/assets/product_tags/fara_euri.png","backgroundColor":"#FCF5DF","textColor":"#CAA316"}],"isAvailable":true,"maxAvailableQuantity":10,"maxAllowedQuantity":100,"breadcrumbs":[{"code":"2","name":"Carne & pește","slug":"2-carne-si-peste"},{"code":"205","name":"Mici și specialități","slug":"205-mici-si-specialitati"},{"code":"20505","name":"Specialități afumate","slug":"20505-specialitati-traditionale-afumate"},{"code":"100064800","name":"Jambon Mangaliță 100g","slug":"100064800-szekely-falat-jambon-mangalita-100g"}],"activePromotion":null,"saveMe":null,"labels":[],"geniusPrice":null,"geniusUnitPricePerLabel":null,"banner":null,"discountLabel":null,"geniusDiscountLabel":null,"badge":null},{"code":"100133358","variantCode":"100133358","name":"Cocorici Mediteraneeni 195g","slug":"100133358-cocorico-cocorici-mediteraneeni-195g","unitPriceLabel":"35,85 Lei/kg","brand":"Cocorico","brandCode":"211","brandFilterCode":"cocorico-b212","sku":"100133358","price":6.99,"originalPrice":null,"currencyCode":"RON","currency":"Lei","image":{"thumbnail":{"default":"https://cdn.freshful.ro/media/cache/sylius_shop_product_thumbnail/b8/a7/9dfa68d5432049388ceb39c4e941.jpg"},"large":{"default":"https://cdn.freshful.ro/media/cache/freshful_large/b8/a7/9dfa68d5432049388ceb39c4e941.jpg"},"extralarge":{"default":"https://cdn.freshful.ro/media/cache/sylius_shop_product_original/b8/a7/9dfa68d5432049388ceb39c4e941.jpg"}},"label":null,"tags":[{"type":"NoGluten","text":"Fara gluten","icon":"https://cdn.freshful.ro/assets/product_tags/fara_gluten.svg","iconPng":"https://cdn.freshful.ro/assets/product_tags/fara_gluten.png","backgroundColor":"#FFF2E5","textColor":"#F07900"},{"type":"NoPreservatives","text":"Fara conservanti","icon":"https://cdn.freshful.ro/assets/product_tags/fara_conservanti.svg","iconPng":"https://cdn.freshful.ro/assets/product_tags/fara_conservanti.png","backgroundColor":"#F0F2FF","textColor":"#7889DD"}],"isAvailable":true,"maxAvailableQuantity":19,"maxAllowedQuantity":100,"breadcrumbs":[{"code":"2","name":"Carne & pește","slug":"2-carne-si-peste"},{"code":"205","name":"Mici și specialități","slug":"205-mici-si-specialitati"},{"code":"20504","name":"Cârnați","slug":"20504-carnati-traditionali"},{"code":"100133358","name":"Cocorici Mediteraneeni 195g","slug":"100133358-cocorico-cocorici-mediteraneeni-195g"}],"activePromotion":null,"saveMe":null,"labels":[],"geniusPrice":null,"geniusUnitPricePerLabel":null,"banner":null,"discountLabel":null,"geniusDiscountLabel":null,"badge":null},{"code":"100133254","variantCode":"100133254","name":"Cârnăciori de porc 500g","slug":"100133254-peris-carnaciori-de-porc-500g","unitPriceLabel":"29,98 Lei/kg","brand":"Periș","brandCode":"2517","brandFilterCode":"peris-b2519","sku":"100133254","price":14.99,"originalPrice":null,"currencyCode":"RON","currency":"Lei","image":{"thumbnail":{"default":"https://cdn.freshful.ro/media/cache/sylius_shop_product_thumbnail/a1/04/4a1b42287e225b43fe7b83132418.jpg"},"large":{"default":"https://cdn.freshful.ro/media/cache/freshful_large/a1/04/4a1b42287e225b43fe7b83132418.jpg"},"extralarge":{"default":"https://cdn.freshful.ro/media/cache/sylius_shop_product_original/a1/04/4a1b42287e225b43fe7b83132418.jpg"}},"label":null,"tags":[{"type":"MadeInRomania","text":"Made In Romania","icon":"https://cdn.freshful.ro/assets/product_tags/made_in_romania.svg","iconPng":"https://cdn.freshful.ro/assets/product_tags/made_in_romania.png","backgroundColor":"#EDF2FD","textColor":"#1653CA"}],"isAvailable":true,"maxAvailableQuantity":1,"maxAllowedQuantity":100,"breadcrumbs":[{"code":"2","name":"Carne & pește","slug":"2-carne-si-peste"},{"code":"205","name":"Mici și specialități","slug":"205-mici-si-specialitati"},{"code":"20504","name":"Cârnați","slug":"20504-carnati-traditionali"},{"code":"100133254","name":"Cârnăciori de porc 500g","slug":"100133254-peris-carnaciori-de-porc-500g"}],"activePromotion":null,"saveMe":null,"labels":[],"geniusPrice":null,"geniusUnitPricePerLabel":null,"banner":null,"discountLabel":null,"geniusDiscountLabel":null,"badge":null}]},{"analyticsListId":"category-slot_206-peste-si-sushi","analyticsListName":"Category Slot - Pește și sushi","type":"products_carousel","title":"Pește și sushi","link":{"title":"Mai multe","count":28,"url":"/c/2-carne-si-peste/206-peste-si-sushi"},"products":[{"code":"100151293","variantCode":"100151293","name":"File de păstrăv somonat în sos barbecue 400g","slug":"100151293-pastravaria-busteni-file-de-pastrav-somonat-in-sos-barbecue-400g","unitPriceLabel":"117,48 Lei/kg","brand":"Păstrăvăria Bușteni","brandCode":"2971","brandFilterCode":"pastravaria-busteni-b3066","sku":"100151293","price":46.99,"originalPrice":58.99,"currencyCode":"RON","currency":"Lei","image":{"thumbnail":{"default":"https://cdn.freshful.ro/media/cache/sylius_shop_product_thumbnail/33/f9/841cf5747b18bdb047517afc51e2.jpg"},"large":{"default":"https://cdn.freshful.ro/media/cache/freshful_large/33/f9/841cf5747b18bdb047517afc51e2.jpg"},"extralarge":{"default":"https://cdn.freshful.ro/media/cache/sylius_shop_product_original/33/f9/841cf5747b18bdb047517afc51e2.jpg"}},"label":{"text":"-20%","backgroundColor":"#FF9903","textColor":"#FFFFFF"},"tags":[{"type":"NoE","text":"Fara E-uri","icon":"https://cdn.freshful.ro/assets/product_tags/fara_euri.svg","iconPng":"https://cdn.freshful.ro/assets/product_tags/fara_euri.png","backgroundColor":"#FCF5DF","textColor":"#CAA316"},{"type":"MadeInRomania","text":"Made In Romania","icon":"https://cdn.freshful.ro/assets/product_tags/made_in_romania.svg","iconPng":"https://cdn.freshful.ro/assets/product_tags/made_in_romania.png","backgroundColor":"#EDF2FD","textColor":"#1653CA"}],"isAvailable":true,"maxAvailableQuantity":70,"maxAllowedQuantity":100,"breadcrumbs":[{"code":"2","name":"Carne & pește","slug":"2-carne-si-peste"},{"code":"206","name":"Pește și sushi","slug":"206-peste-si-sushi"},{"code":"20601","name":"Pește proaspăt","slug":"20601-peste-proaspat"},{"code":"100151293","name":"File de păstrăv somonat în sos barbecue 400g","slug":"100151293-pastravaria-busteni-file-de-pastrav-somonat-in-sos-barbecue-400g"}],"activePromotion":{"code":"bunatatile-saptamanii-cw0923","name":"Preț redus","targetQuantity":null},"saveMe":null,"labels":[{"type":"v1","items":[{"text":"-20%","backgroundColor":"#FF9903","textColor":"#FFFFFF"}]}],"geniusPrice":null,"geniusUnitPricePerLabel":null,"banner":{"text":"Super preț","textColor":"#FF0000","bgColor":"#FFF2EC","icon":null,"link":"https://www.freshful.ro/oferte/bunatatile-saptamanii-cw0923","type":"promo","analyticsEventType":"select_promotion","analyticsEventPayload":{"promotion_id":"bunatatile-saptamanii-cw0923","promotion_name":"Oferta proaspătă a săptămânii"}},"discountLabel":"Economisești 20%","geniusDiscountLabel":null,"badge":null},{"code":"100151294","variantCode":"100151294","name":"Rondele de păstrăv somonat în sos barbecue 500g","slug":"100151294-pastravaria-busteni-rondele-de-pastrav-somonat-in-sos-barbecue-500g","unitPriceLabel":"83,98 Lei/kg","brand":"Păstrăvăria Bușteni","brandCode":"2971","brandFilterCode":"pastravaria-busteni-b3066","sku":"100151294","price":41.99,"originalPrice":51.99,"currencyCode":"RON","currency":"Lei","image":{"thumbnail":{"default":"https://cdn.freshful.ro/media/cache/sylius_shop_product_thumbnail/03/98/fd5814e7e95e2e13bee7ed9d1266.jpg"},"large":{"default":"https://cdn.freshful.ro/media/cache/freshful_large/03/98/fd5814e7e95e2e13bee7ed9d1266.jpg"},"extralarge":{"default":"https://cdn.freshful.ro/media/cache/sylius_shop_product_original/03/98/fd5814e7e95e2e13bee7ed9d1266.jpg"}},"label":{"text":"-19%","backgroundColor":"#FF9903","textColor":"#FFFFFF"},"tags":[{"type":"NoE","text":"Fara E-uri","icon":"https://cdn.freshful.ro/assets/product_tags/fara_euri.svg","iconPng":"https://cdn.freshful.ro/assets/product_tags/fara_euri.png","backgroundColor":"#FCF5DF","textColor":"#CAA316"},{"type":"MadeInRomania","text":"Made In Romania","icon":"https://cdn.freshful.ro/assets/product_tags/made_in_romania.svg","iconPng":"https://cdn.freshful.ro/assets/product_tags/made_in_romania.png","backgroundColor":"#EDF2FD","textColor":"#1653CA"}],"isAvailable":true,"maxAvailableQuantity":71,"maxAllowedQuantity":100,"breadcrumbs":[{"code":"2","name":"Carne & pește","slug":"2-carne-si-peste"},{"code":"206","name":"Pește și sushi","slug":"206-peste-si-sushi"},{"code":"20601","name":"Pește proaspăt","slug":"20601-peste-proaspat"},{"code":"100151294","name":"Rondele de păstrăv somonat în sos barbecue 500g","slug":"100151294-pastravaria-busteni-rondele-de-pastrav-somonat-in-sos-barbecue-500g"}],"activePromotion":{"code":"bunatatile-saptamanii-cw0923","name":"Preț redus","targetQuantity":null},"saveMe":null,"labels":[{"type":"v1","items":[{"text":"-19%","backgroundColor":"#FF9903","textColor":"#FFFFFF"}]}],"geniusPrice":null,"geniusUnitPricePerLabel":null,"banner":{"text":"Super preț","textColor":"#FF0000","bgColor":"#FFF2EC","icon":null,"link":"https://www.freshful.ro/oferte/bunatatile-saptamanii-cw0923","type":"promo","analyticsEventType":"select_promotion","analyticsEventPayload":{"promotion_id":"bunatatile-saptamanii-cw0923","promotion_name":"Oferta proaspătă a săptămânii"}},"discountLabel":"Economisești 19%","geniusDiscountLabel":null,"badge":null},{"code":"100036641","variantCode":"5949003407322","name":"File de somon 200g","slug":"100036641-alfredo-seafood-file-de-somon-200g","unitPriceLabel":"166,2 Lei/kg","brand":"Alfredo Seafood","brandCode":"221","brandFilterCode":"alfredo-seafood-b222","sku":"100036641","price":33.24,"originalPrice":null,"currencyCode":"RON","currency":"Lei","image":{"thumbnail":{"default":"https://cdn.freshful.ro/media/cache/sylius_shop_product_thumbnail/1a/bc/5ce1a2bdc3dc3ac7a4c89bdeb09a.jpg"},"large":{"default":"https://cdn.freshful.ro/media/cache/freshful_large/1a/bc/5ce1a2bdc3dc3ac7a4c89bdeb09a.jpg"},"extralarge":{"default":"https://cdn.freshful.ro/media/cache/sylius_shop_product_original/1a/bc/5ce1a2bdc3dc3ac7a4c89bdeb09a.jpg"}},"label":null,"tags":[],"isAvailable":true,"maxAvailableQuantity":55,"maxAllowedQuantity":100,"breadcrumbs":[{"code":"2","name":"Carne & pește","slug":"2-carne-si-peste"},{"code":"206","name":"Pește și sushi","slug":"206-peste-si-sushi"},{"code":"20601","name":"Pește proaspăt","slug":"20601-peste-proaspat"},{"code":"100036641","name":"File de somon 200g","slug":"100036641-alfredo-seafood-file-de-somon-200g"}],"activePromotion":null,"saveMe":null,"labels":[],"geniusPrice":null,"geniusUnitPricePerLabel":null,"banner":null,"discountLabel":null,"geniusDiscountLabel":null,"badge":null},{"code":"100036645","variantCode":"5941893560743","name":"Doradă eviscerată 650g","slug":"100036645-alfredo-seafood-dorada-eviscerata-650g","unitPriceLabel":"59,98 Lei/kg","brand":"Alfredo Seafood","brandCode":"221","brandFilterCode":"alfredo-seafood-b222","sku":"100036645","price":38.99,"originalPrice":null,"currencyCode":"RON","currency":"Lei","image":{"thumbnail":{"default":"https://cdn.freshful.ro/media/cache/sylius_shop_product_thumbnail/56/9b/4a71956af2d403c7bc1127e3ac46.jpg"},"large":{"default":"https://cdn.freshful.ro/media/cache/freshful_large/56/9b/4a71956af2d403c7bc1127e3ac46.jpg"},"extralarge":{"default":"https://cdn.freshful.ro/media/cache/sylius_shop_product_original/56/9b/4a71956af2d403c7bc1127e3ac46.jpg"}},"label":null,"tags":[],"isAvailable":true,"maxAvailableQuantity":16,"maxAllowedQuantity":100,"breadcrumbs":[{"code":"2","name":"Carne & pește","slug":"2-carne-si-peste"},{"code":"206","name":"Pește și sushi","slug":"206-peste-si-sushi"},{"code":"20601","name":"Pește proaspăt","slug":"20601-peste-proaspat"},{"code":"100036645","name":"Doradă eviscerată 650g","slug":"100036645-alfredo-seafood-dorada-eviscerata-650g"}],"activePromotion":null,"saveMe":null,"labels":[],"geniusPrice":null,"geniusUnitPricePerLabel":null,"banner":null,"discountLabel":null,"geniusDiscountLabel":null,"badge":null},{"code":"100036646","variantCode":"5941893560286","name":"File de doradă 320g","slug":"100036646-alfredo-seafood-file-de-dorada-320g","unitPriceLabel":"108,41 Lei/kg","brand":"Alfredo Seafood","brandCode":"221","brandFilterCode":"alfredo-seafood-b222","sku":"100036646","price":34.69,"originalPrice":null,"currencyCode":"RON","currency":"Lei","image":{"thumbnail":{"default":"https://cdn.freshful.ro/media/cache/sylius_shop_product_thumbnail/dc/1e/7a2fb9810d21c2b0c303cb82d99a.jpg"},"large":{"default":"https://cdn.freshful.ro/media/cache/freshful_large/dc/1e/7a2fb9810d21c2b0c303cb82d99a.jpg"},"extralarge":{"default":"https://cdn.freshful.ro/media/cache/sylius_shop_product_original/dc/1e/7a2fb9810d21c2b0c303cb82d99a.jpg"}},"label":null,"tags":[],"isAvailable":true,"maxAvailableQuantity":40,"maxAllowedQuantity":100,"breadcrumbs":[{"code":"2","name":"Carne & pește","slug":"2-carne-si-peste"},{"code":"206","name":"Pește și sushi","slug":"206-peste-si-sushi"},{"code":"20601","name":"Pește proaspăt","slug":"20601-peste-proaspat"},{"code":"100036646","name":"File de doradă 320g","slug":"100036646-alfredo-seafood-file-de-dorada-320g"}],"activePromotion":null,"saveMe":null,"labels":[],"geniusPrice":null,"geniusUnitPricePerLabel":null,"banner":null,"discountLabel":null,"geniusDiscountLabel":null,"badge":null},{"code":"100036643","variantCode":"5941893560330","name":"Somon porții condimentate 300g","slug":"100036643-alfredo-seafood-somon-portii-condimentate-300g","unitPriceLabel":"139,97 Lei/kg","brand":"Alfredo Seafood","brandCode":"221","brandFilterCode":"alfredo-seafood-b222","sku":"100036643","price":41.99,"originalPrice":null,"currencyCode":"RON","currency":"Lei","image":{"thumbnail":{"default":"https://cdn.freshful.ro/media/cache/sylius_shop_product_thumbnail/83/16/b51bc7b44d46d63c1b5840913420.jpg"},"large":{"default":"https://cdn.freshful.ro/media/cache/freshful_large/83/16/b51bc7b44d46d63c1b5840913420.jpg"},"extralarge":{"default":"https://cdn.freshful.ro/media/cache/sylius_shop_product_original/83/16/b51bc7b44d46d63c1b5840913420.jpg"}},"label":null,"tags":[],"isAvailable":true,"maxAvailableQuantity":21,"maxAllowedQuantity":100,"breadcrumbs":[{"code":"2","name":"Carne & pește","slug":"2-carne-si-peste"},{"code":"206","name":"Pește și sushi","slug":"206-peste-si-sushi"},{"code":"20601","name":"Pește proaspăt","slug":"20601-peste-proaspat"},{"code":"100036643","name":"Somon porții condimentate 300g","slug":"100036643-alfredo-seafood-somon-portii-condimentate-300g"}],"activePromotion":null,"saveMe":null,"labels":[],"geniusPrice":null,"geniusUnitPricePerLabel":null,"banner":null,"discountLabel":null,"geniusDiscountLabel":null,"badge":null},{"code":"100036642","variantCode":"5949003407339","name":"Rondele de somon 200g","slug":"100036642-alfredo-seafood-rondele-de-somon-200g","unitPriceLabel":"164,95 Lei/kg","brand":"Alfredo Seafood","brandCode":"221","brandFilterCode":"alfredo-seafood-b222","sku":"100036642","price":32.99,"originalPrice":null,"currencyCode":"RON","currency":"Lei","image":{"thumbnail":{"default":"https://cdn.freshful.ro/media/cache/sylius_shop_product_thumbnail/00/85/a8c916f53bc3e14b7606363b1e25.jpg"},"large":{"default":"https://cdn.freshful.ro/media/cache/freshful_large/00/85/a8c916f53bc3e14b7606363b1e25.jpg"},"extralarge":{"default":"https://cdn.freshful.ro/media/cache/sylius_shop_product_original/00/85/a8c916f53bc3e14b7606363b1e25.jpg"}},"label":null,"tags":[],"isAvailable":true,"maxAvailableQuantity":52,"maxAllowedQuantity":100,"breadcrumbs":[{"code":"2","name":"Carne & pește","slug":"2-carne-si-peste"},{"code":"206","name":"Pește și sushi","slug":"206-peste-si-sushi"},{"code":"20601","name":"Pește proaspăt","slug":"20601-peste-proaspat"},{"code":"100036642","name":"Rondele de somon 200g","slug":"100036642-alfredo-seafood-rondele-de-somon-200g"}],"activePromotion":null,"saveMe":null,"labels":[],"geniusPrice":null,"geniusUnitPricePerLabel":null,"banner":null,"discountLabel":null,"geniusDiscountLabel":null,"badge":null},{"code":"100036647","variantCode":"5941893560767","name":"Lup de mare (biban de mare) eviscerat 600g","slug":"100036647-alfredo-seafood-lup-de-mare-biban-de-mare-eviscerat-600g","unitPriceLabel":"72,29 Lei/kg","brand":"Alfredo Seafood","brandCode":"221","brandFilterCode":"alfredo-seafood-b222","sku":"100036647","price":46.99,"originalPrice":null,"currencyCode":"RON","currency":"Lei","image":{"thumbnail":{"default":"https://cdn.freshful.ro/media/cache/sylius_shop_product_thumbnail/ed/89/38bb40de85292f6d7154e35bf2ff.jpg"},"large":{"default":"https://cdn.freshful.ro/media/cache/freshful_large/ed/89/38bb40de85292f6d7154e35bf2ff.jpg"},"extralarge":{"default":"https://cdn.freshful.ro/media/cache/sylius_shop_product_original/ed/89/38bb40de85292f6d7154e35bf2ff.jpg"}},"label":null,"tags":[],"isAvailable":true,"maxAvailableQuantity":37,"maxAllowedQuantity":100,"breadcrumbs":[{"code":"2","name":"Carne & pește","slug":"2-carne-si-peste"},{"code":"206","name":"Pește și sushi","slug":"206-peste-si-sushi"},{"code":"20601","name":"Pește proaspăt","slug":"20601-peste-proaspat"},{"code":"100036647","name":"Lup de mare (biban de mare) eviscerat 600g","slug":"100036647-alfredo-seafood-lup-de-mare-biban-de-mare-eviscerat-600g"}],"activePromotion":null,"saveMe":null,"labels":[],"geniusPrice":null,"geniusUnitPricePerLabel":null,"banner":null,"discountLabel":null,"geniusDiscountLabel":null,"badge":null},{"code":"100036648","variantCode":"5941893560309","name":"Lup de mare (Biban de mare) file 320g","slug":"100036648-alfredo-seafood-lup-de-mare-biban-de-mare-file-320g","unitPriceLabel":"131,22 Lei/kg","brand":"Alfredo Seafood","brandCode":"221","brandFilterCode":"alfredo-seafood-b222","sku":"100036648","price":41.99,"originalPrice":null,"currencyCode":"RON","currency":"Lei","image":{"thumbnail":{"default":"https://cdn.freshful.ro/media/cache/sylius_shop_product_thumbnail/bb/90/cf310f1e9de9ab85cdfdff68451c.jpg"},"large":{"default":"https://cdn.freshful.ro/media/cache/freshful_large/bb/90/cf310f1e9de9ab85cdfdff68451c.jpg"},"extralarge":{"default":"https://cdn.freshful.ro/media/cache/sylius_shop_product_original/bb/90/cf310f1e9de9ab85cdfdff68451c.jpg"}},"label":null,"tags":[],"isAvailable":true,"maxAvailableQuantity":24,"maxAllowedQuantity":100,"breadcrumbs":[{"code":"2","name":"Carne & pește","slug":"2-carne-si-peste"},{"code":"206","name":"Pește și sushi","slug":"206-peste-si-sushi"},{"code":"20601","name":"Pește proaspăt","slug":"20601-peste-proaspat"},{"code":"100036648","name":"Lup de mare (Biban de mare) file 320g","slug":"100036648-alfredo-seafood-lup-de-mare-biban-de-mare-file-320g"}],"activePromotion":null,"saveMe":null,"labels":[],"geniusPrice":null,"geniusUnitPricePerLabel":null,"banner":null,"discountLabel":null,"geniusDiscountLabel":null,"badge":null},{"code":"100036650","variantCode":"5941893560279","name":"Păstrăv file 320g","slug":"100036650-alfredo-seafood-pastrav-file-320g","unitPriceLabel":"112,47 Lei/kg","brand":"Alfredo Seafood","brandCode":"221","brandFilterCode":"alfredo-seafood-b222","sku":"100036650","price":35.99,"originalPrice":null,"currencyCode":"RON","currency":"Lei","image":{"thumbnail":{"default":"https://cdn.freshful.ro/media/cache/sylius_shop_product_thumbnail/f5/f4/af1f099a71498711c2d35bda4c9e.jpg"},"large":{"default":"https://cdn.freshful.ro/media/cache/freshful_large/f5/f4/af1f099a71498711c2d35bda4c9e.jpg"},"extralarge":{"default":"https://cdn.freshful.ro/media/cache/sylius_shop_product_original/f5/f4/af1f099a71498711c2d35bda4c9e.jpg"}},"label":null,"tags":[],"isAvailable":true,"maxAvailableQuantity":14,"maxAllowedQuantity":100,"breadcrumbs":[{"code":"2","name":"Carne & pește","slug":"2-carne-si-peste"},{"code":"206","name":"Pește și sushi","slug":"206-peste-si-sushi"},{"code":"20601","name":"Pește proaspăt","slug":"20601-peste-proaspat"},{"code":"100036650","name":"Păstrăv file 320g","slug":"100036650-alfredo-seafood-pastrav-file-320g"}],"activePromotion":null,"saveMe":null,"labels":[],"geniusPrice":null,"geniusUnitPricePerLabel":null,"banner":null,"discountLabel":null,"geniusDiscountLabel":null,"badge":null}]},{"analyticsListId":"category-slot_207-peste-afumat","analyticsListName":"Category Slot - Pește afumat","type":"products_carousel","title":"Pește afumat","link":{"title":"Mai multe","count":33,"url":"/c/2-carne-si-peste/207-peste-afumat"},"products":[{"code":"100036961","variantCode":"100036961","name":"File de somon scoțian afumat și feliat 100g","slug":"100036961-gastronatura-file-de-somon-scotian-afumat-si-feliat-100g","unitPriceLabel":"165 Lei/kg","brand":"Gastronatura","brandCode":"479","brandFilterCode":"gastronatura-b480","sku":"100036961","price":16.5,"originalPrice":null,"currencyCode":"RON","currency":"Lei","image":{"thumbnail":{"default":"https://cdn.freshful.ro/media/cache/sylius_shop_product_thumbnail/b8/3a/c2385d2d47145a5c691d2c8b554e.jpg"},"large":{"default":"https://cdn.freshful.ro/media/cache/freshful_large/b8/3a/c2385d2d47145a5c691d2c8b554e.jpg"},"extralarge":{"default":"https://cdn.freshful.ro/media/cache/sylius_shop_product_original/b8/3a/c2385d2d47145a5c691d2c8b554e.jpg"}},"label":null,"tags":[],"isAvailable":true,"maxAvailableQuantity":100,"maxAllowedQuantity":100,"breadcrumbs":[{"code":"2","name":"Carne & pește","slug":"2-carne-si-peste"},{"code":"207","name":"Pește afumat","slug":"207-peste-afumat"},{"code":"20701","name":"Somon afumat","slug":"20701-somon"},{"code":"100036961","name":"File de somon scoțian afumat și feliat 100g","slug":"100036961-gastronatura-file-de-somon-scotian-afumat-si-feliat-100g"}],"activePromotion":null,"saveMe":null,"labels":[],"geniusPrice":null,"geniusUnitPricePerLabel":null,"banner":null,"discountLabel":null,"geniusDiscountLabel":null,"badge":null},{"code":"100036756","variantCode":"5941899900680","name":"Macrou eviscerat afumat 240g","slug":"100036756-pescaria-magic-macrou-eviscerat-afumat-240g","unitPriceLabel":"45,79 Lei/kg","brand":"Pescaria Magic","brandCode":"186","brandFilterCode":"pescaria-magic-b187","sku":"100036756","price":10.99,"originalPrice":null,"currencyCode":"RON","currency":"Lei","image":{"thumbnail":{"default":"https://cdn.freshful.ro/media/cache/sylius_shop_product_thumbnail/0a/19/25516655242109ae22d480b97453.jpg"},"large":{"default":"https://cdn.freshful.ro/media/cache/freshful_large/0a/19/25516655242109ae22d480b97453.jpg"},"extralarge":{"default":"https://cdn.freshful.ro/media/cache/sylius_shop_product_original/0a/19/25516655242109ae22d480b97453.jpg"}},"label":{"text":"Mici producători","backgroundColor":"#7B61FF","textColor":"#FFFFFF"},"tags":[],"isAvailable":true,"maxAvailableQuantity":86,"maxAllowedQuantity":100,"breadcrumbs":[{"code":"2","name":"Carne & pește","slug":"2-carne-si-peste"},{"code":"207","name":"Pește afumat","slug":"207-peste-afumat"},{"code":"20703","name":"Macrou afumat","slug":"20703-macrou"},{"code":"100036756","name":"Macrou eviscerat afumat 240g","slug":"100036756-pescaria-magic-macrou-eviscerat-afumat-240g"}],"activePromotion":null,"saveMe":null,"labels":[{"type":"v1","items":[{"text":"Mici producători","backgroundColor":"#7B61FF","textColor":"#FFFFFF"}]}],"geniusPrice":null,"geniusUnitPricePerLabel":null,"banner":null,"discountLabel":null,"geniusDiscountLabel":null,"badge":null},{"code":"100036960","variantCode":"100036960","name":"File de somon afumat și feliat 50g","slug":"100036960-gastronatura-file-de-somon-afumat-si-feliat-50g","unitPriceLabel":"229,8 Lei/kg","brand":"Gastronatura","brandCode":"479","brandFilterCode":"gastronatura-b480","sku":"100036960","price":11.49,"originalPrice":null,"currencyCode":"RON","currency":"Lei","image":{"thumbnail":{"default":"https://cdn.freshful.ro/media/cache/sylius_shop_product_thumbnail/82/75/74ed1fda73f73634de071572bda4.jpg"},"large":{"default":"https://cdn.freshful.ro/media/cache/freshful_large/82/75/74ed1fda73f73634de071572bda4.jpg"},"extralarge":{"default":"https://cdn.freshful.ro/media/cache/sylius_shop_product_original/82/75/74ed1fda73f73634de071572bda4.jpg"}},"label":null,"tags":[],"isAvailable":true,"maxAvailableQuantity":87,"maxAllowedQuantity":100,"breadcrumbs":[{"code":"2","name":"Carne & pește","slug":"2-carne-si-peste"},{"code":"207","name":"Pește afumat","slug":"207-peste-afumat"},{"code":"20701","name":"Somon afumat","slug":"20701-somon"},{"code":"100036960","name":"File de somon afumat și feliat 50g","slug":"100036960-gastronatura-file-de-somon-afumat-si-feliat-50g"}],"activePromotion":null,"saveMe":null,"labels":[],"geniusPrice":null,"geniusUnitPricePerLabel":null,"banner":null,"discountLabel":null,"geniusDiscountLabel":null,"badge":null},{"code":"100063359","variantCode":"6420103023234","name":"File de somon norvegian afumat 150g","slug":"100063359-ocean-fish-file-de-somon-norvegian-afumat-150g","unitPriceLabel":"234,33 Lei/kg","brand":"Ocean Fish","brandCode":"191","brandFilterCode":"ocean-fish-b192","sku":"100063359","price":35.15,"originalPrice":null,"currencyCode":"RON","currency":"Lei","image":{"thumbnail":{"default":"https://cdn.freshful.ro/media/cache/sylius_shop_product_thumbnail/42/9c/eecdec30e972926b6be9d9f28533.jpg"},"large":{"default":"https://cdn.freshful.ro/media/cache/freshful_large/42/9c/eecdec30e972926b6be9d9f28533.jpg"},"extralarge":{"default":"https://cdn.freshful.ro/media/cache/sylius_shop_product_original/42/9c/eecdec30e972926b6be9d9f28533.jpg"}},"label":null,"tags":[],"isAvailable":true,"maxAvailableQuantity":80,"maxAllowedQuantity":100,"breadcrumbs":[{"code":"2","name":"Carne & pește","slug":"2-carne-si-peste"},{"code":"207","name":"Pește afumat","slug":"207-peste-afumat"},{"code":"20701","name":"Somon afumat","slug":"20701-somon"},{"code":"100063359","name":"File de somon norvegian afumat 150g","slug":"100063359-ocean-fish-file-de-somon-norvegian-afumat-150g"}],"activePromotion":null,"saveMe":null,"labels":[],"geniusPrice":null,"geniusUnitPricePerLabel":null,"banner":null,"discountLabel":null,"geniusDiscountLabel":null,"badge":null},{"code":"100036658","variantCode":"5949003403621","name":"Somon afumat de Alaska feliat 100g","slug":"100036658-alfredo-seafood-somon-afumat-de-alaska-feliat-100g","unitPriceLabel":"349,9 Lei/kg","brand":"Alfredo Seafood","brandCode":"221","brandFilterCode":"alfredo-seafood-b222","sku":"100036658","price":34.99,"originalPrice":null,"currencyCode":"RON","currency":"Lei","image":{"thumbnail":{"default":"https://cdn.freshful.ro/media/cache/sylius_shop_product_thumbnail/7c/12/7c09f5668b20e79b66bdec63f8b8.jpg"},"large":{"default":"https://cdn.freshful.ro/media/cache/freshful_large/7c/12/7c09f5668b20e79b66bdec63f8b8.jpg"},"extralarge":{"default":"https://cdn.freshful.ro/media/cache/sylius_shop_product_original/7c/12/7c09f5668b20e79b66bdec63f8b8.jpg"}},"label":null,"tags":[],"isAvailable":true,"maxAvailableQuantity":37,"maxAllowedQuantity":100,"breadcrumbs":[{"code":"2","name":"Carne & pește","slug":"2-carne-si-peste"},{"code":"207","name":"Pește afumat","slug":"207-peste-afumat"},{"code":"20701","name":"Somon afumat","slug":"20701-somon"},{"code":"100036658","name":"Somon afumat de Alaska feliat 100g","slug":"100036658-alfredo-seafood-somon-afumat-de-alaska-feliat-100g"}],"activePromotion":null,"saveMe":null,"labels":[],"geniusPrice":null,"geniusUnitPricePerLabel":null,"banner":null,"discountLabel":null,"geniusDiscountLabel":null,"badge":null},{"code":"100036965","variantCode":"100036965","name":"Pastramă de macrou afumat 140g","slug":"100036965-gastronatura-pastrama-de-macrou-afumat-140g","unitPriceLabel":"84,93 Lei/kg","brand":"Gastronatura","brandCode":"479","brandFilterCode":"gastronatura-b480","sku":"100036965","price":11.89,"originalPrice":null,"currencyCode":"RON","currency":"Lei","image":{"thumbnail":{"default":"https://cdn.freshful.ro/media/cache/sylius_shop_product_thumbnail/4a/c6/3e5a3dd31bc0e3028ea8ae8e5624.jpg"},"large":{"default":"https://cdn.freshful.ro/media/cache/freshful_large/4a/c6/3e5a3dd31bc0e3028ea8ae8e5624.jpg"},"extralarge":{"default":"https://cdn.freshful.ro/media/cache/sylius_shop_product_original/4a/c6/3e5a3dd31bc0e3028ea8ae8e5624.jpg"}},"label":null,"tags":[],"isAvailable":true,"maxAvailableQuantity":40,"maxAllowedQuantity":100,"breadcrumbs":[{"code":"2","name":"Carne & pește","slug":"2-carne-si-peste"},{"code":"207","name":"Pește afumat","slug":"207-peste-afumat"},{"code":"20703","name":"Macrou afumat","slug":"20703-macrou"},{"code":"100036965","name":"Pastramă de macrou afumat 140g","slug":"100036965-gastronatura-pastrama-de-macrou-afumat-140g"}],"activePromotion":null,"saveMe":null,"labels":[],"geniusPrice":null,"geniusUnitPricePerLabel":null,"banner":null,"discountLabel":null,"geniusDiscountLabel":null,"badge":null},{"code":"100097039","variantCode":"3033610067870","name":"Somon de Atlantic afumat 75g","slug":"100097039-labeyrie-somon-de-atlantic-afumat-75g","unitPriceLabel":"478,53 Lei/kg","brand":"Labeyrie","brandCode":"1627","brandFilterCode":"labeyrie-b1631","sku":"100097039","price":35.89,"originalPrice":null,"currencyCode":"RON","currency":"Lei","image":{"thumbnail":{"default":"https://cdn.freshful.ro/media/cache/sylius_shop_product_thumbnail/f5/dc/d199d194721b34415a640a1270db.jpg"},"large":{"default":"https://cdn.freshful.ro/media/cache/freshful_large/f5/dc/d199d194721b34415a640a1270db.jpg"},"extralarge":{"default":"https://cdn.freshful.ro/media/cache/sylius_shop_product_original/f5/dc/d199d194721b34415a640a1270db.jpg"}},"label":null,"tags":[],"isAvailable":true,"maxAvailableQuantity":26,"maxAllowedQuantity":100,"breadcrumbs":[{"code":"2","name":"Carne & pește","slug":"2-carne-si-peste"},{"code":"207","name":"Pește afumat","slug":"207-peste-afumat"},{"code":"20701","name":"Somon afumat","slug":"20701-somon"},{"code":"100097039","name":"Somon de Atlantic afumat 75g","slug":"100097039-labeyrie-somon-de-atlantic-afumat-75g"}],"activePromotion":null,"saveMe":null,"labels":[],"geniusPrice":null,"geniusUnitPricePerLabel":null,"banner":null,"discountLabel":null,"geniusDiscountLabel":null,"badge":null},{"code":"100036659","variantCode":"5949003403607","name":"Somon afumat feliat eco 100g","slug":"100036659-alfredo-seafood-somon-afumat-feliat-eco-100g","unitPriceLabel":"369,9 Lei/kg","brand":"Alfredo Seafood","brandCode":"221","brandFilterCode":"alfredo-seafood-b222","sku":"100036659","price":36.99,"originalPrice":null,"currencyCode":"RON","currency":"Lei","image":{"thumbnail":{"default":"https://cdn.freshful.ro/media/cache/sylius_shop_product_thumbnail/75/ca/e8178368101933fbf08d857e60fa.jpg"},"large":{"default":"https://cdn.freshful.ro/media/cache/freshful_large/75/ca/e8178368101933fbf08d857e60fa.jpg"},"extralarge":{"default":"https://cdn.freshful.ro/media/cache/sylius_shop_product_original/75/ca/e8178368101933fbf08d857e60fa.jpg"}},"label":null,"tags":[{"type":"Eco","text":"Eco","icon":"https://cdn.freshful.ro/assets/product_tags/eco.svg","iconPng":"https://cdn.freshful.ro/assets/product_tags/eco.png","backgroundColor":"#EFFBE4","textColor":"#66BB1B"}],"isAvailable":true,"maxAvailableQuantity":1,"maxAllowedQuantity":100,"breadcrumbs":[{"code":"2","name":"Carne & pește","slug":"2-carne-si-peste"},{"code":"207","name":"Pește afumat","slug":"207-peste-afumat"},{"code":"20701","name":"Somon afumat","slug":"20701-somon"},{"code":"100036659","name":"Somon afumat feliat eco 100g","slug":"100036659-alfredo-seafood-somon-afumat-feliat-eco-100g"}],"activePromotion":null,"saveMe":null,"labels":[],"geniusPrice":null,"geniusUnitPricePerLabel":null,"banner":null,"discountLabel":null,"geniusDiscountLabel":null,"badge":null},{"code":"100036757","variantCode":"5941899900703","name":"Păstrăv eviscerat afumat 280g","slug":"100036757-pescaria-magic-pastrav-eviscerat-afumat-280g","unitPriceLabel":"71,39 Lei/kg","brand":"Pescaria Magic","brandCode":"186","brandFilterCode":"pescaria-magic-b187","sku":"100036757","price":19.99,"originalPrice":null,"currencyCode":"RON","currency":"Lei","image":{"thumbnail":{"default":"https://cdn.freshful.ro/media/cache/sylius_shop_product_thumbnail/0c/77/e11ac16902533cbc11f5bae6f161.jpg"},"large":{"default":"https://cdn.freshful.ro/media/cache/freshful_large/0c/77/e11ac16902533cbc11f5bae6f161.jpg"},"extralarge":{"default":"https://cdn.freshful.ro/media/cache/sylius_shop_product_original/0c/77/e11ac16902533cbc11f5bae6f161.jpg"}},"label":{"text":"Mici producători","backgroundColor":"#7B61FF","textColor":"#FFFFFF"},"tags":[{"type":"MadeInRomania","text":"Made In Romania","icon":"https://cdn.freshful.ro/assets/product_tags/made_in_romania.svg","iconPng":"https://cdn.freshful.ro/assets/product_tags/made_in_romania.png","backgroundColor":"#EDF2FD","textColor":"#1653CA"}],"isAvailable":true,"maxAvailableQuantity":34,"maxAllowedQuantity":100,"breadcrumbs":[{"code":"2","name":"Carne & pește","slug":"2-carne-si-peste"},{"code":"207","name":"Pește afumat","slug":"207-peste-afumat"},{"code":"20704","name":"Păstrăv afumat","slug":"20704-pastrav"},{"code":"100036757","name":"Păstrăv eviscerat afumat 280g","slug":"100036757-pescaria-magic-pastrav-eviscerat-afumat-280g"}],"activePromotion":null,"saveMe":null,"labels":[{"type":"v1","items":[{"text":"Mici producători","backgroundColor":"#7B61FF","textColor":"#FFFFFF"}]}],"geniusPrice":null,"geniusUnitPricePerLabel":null,"banner":null,"discountLabel":null,"geniusDiscountLabel":null,"badge":null},{"code":"100151018","variantCode":"100151018","name":"File de somon afumat Masha și Ursul 50g","slug":"100151018-ocean-fish-file-de-somon-afumat-masha-si-ursul-50g","unitPriceLabel":"303,8 Lei/kg","brand":"Ocean Fish","brandCode":"191","brandFilterCode":"ocean-fish-b192","sku":"100151018","price":15.19,"originalPrice":null,"currencyCode":"RON","currency":"Lei","image":{"thumbnail":{"default":"https://cdn.freshful.ro/media/cache/sylius_shop_product_thumbnail/90/4c/b131920b09ba611432ce47f81546.jpg"},"large":{"default":"https://cdn.freshful.ro/media/cache/freshful_large/90/4c/b131920b09ba611432ce47f81546.jpg"},"extralarge":{"default":"https://cdn.freshful.ro/media/cache/sylius_shop_product_original/90/4c/b131920b09ba611432ce47f81546.jpg"}},"label":null,"tags":[{"type":"NoAddedSugar","text":"Fara zahar adaugat","icon":"https://cdn.freshful.ro/assets/product_tags/fara_zahar_adaugat.svg","iconPng":"https://cdn.freshful.ro/assets/product_tags/fara_zahar_adaugat.png","backgroundColor":"#F8EDF7","textColor":"#C05EBC"}],"isAvailable":true,"maxAvailableQuantity":20,"maxAllowedQuantity":100,"breadcrumbs":[{"code":"2","name":"Carne & pește","slug":"2-carne-si-peste"},{"code":"207","name":"Pește afumat","slug":"207-peste-afumat"},{"code":"20701","name":"Somon afumat","slug":"20701-somon"},{"code":"100151018","name":"File de somon afumat Masha și Ursul 50g","slug":"100151018-ocean-fish-file-de-somon-afumat-masha-si-ursul-50g"}],"activePromotion":null,"saveMe":{"isAvailable":true,"variantCode":"100151018-accsale","maxAvailableQuantity":7,"maxAllowedQuantity":100,"price":11.39,"originalPrice":15.19,"labels":[{"type":"v2","items":[{"text":"Save Me","backgroundColor":"#FF7070","textColor":"#FFFFFF"},{"text":"-25%","backgroundColor":"#333333","textColor":"#FFFFFF"}]},{"type":"v3","items":[{"text":"Expiră pe 07-03-2023","backgroundColor":"#FEF7DC","textColor":"#595959"}]}],"priceColor":"#FF7070","priceIcon":"https://cdn.freshful.ro/assets/save_me/priceIcon.png","unitPriceLabel":"227,8 Lei/kg","badge":null},"labels":[],"geniusPrice":null,"geniusUnitPricePerLabel":null,"banner":{"text":"Cumpără la 11.39 lei","textColor":"#FF7070","bgColor":"#FFF1F1","icon":"https://cdn.freshful.ro/assets/save_me/priceIcon.png","link":"https://www.freshful.ro/p/100151018-ocean-fish-file-de-somon-afumat-masha-si-ursul-50g?sm=true","type":"saveMe","analyticsEventType":"select_item","analyticsEventPayload":[]},"discountLabel":null,"geniusDiscountLabel":null,"badge":null}]},{"analyticsListId":"category-slot_208-peste-marinat","analyticsListName":"Category Slot - Pește marinat","type":"products_carousel","title":"Pește marinat","link":{"title":"Mai multe","count":18,"url":"/c/2-carne-si-peste/208-peste-marinat"},"products":[{"code":"100150138","variantCode":"100150138","name":"Zdrențe jăruite din păstrăv somonat în ulei de măsline 150g","slug":"100150138-pastravaria-busteni-zdrente-jaruite-din-pastrav-somonat-in-ulei-de-masline-150g","unitPriceLabel":"170,6 Lei/kg","brand":"Păstrăvăria Bușteni","brandCode":"2971","brandFilterCode":"pastravaria-busteni-b3066","sku":"100150138","price":25.59,"originalPrice":30.19,"currencyCode":"RON","currency":"Lei","image":{"thumbnail":{"default":"https://cdn.freshful.ro/media/cache/sylius_shop_product_thumbnail/65/cb/6c7c5911ef5c1fa9a5a4ab7db7a7.jpg"},"large":{"default":"https://cdn.freshful.ro/media/cache/freshful_large/65/cb/6c7c5911ef5c1fa9a5a4ab7db7a7.jpg"},"extralarge":{"default":"https://cdn.freshful.ro/media/cache/sylius_shop_product_original/65/cb/6c7c5911ef5c1fa9a5a4ab7db7a7.jpg"}},"label":{"text":"-15%","backgroundColor":"#FF9903","textColor":"#FFFFFF"},"tags":[{"type":"NoE","text":"Fara E-uri","icon":"https://cdn.freshful.ro/assets/product_tags/fara_euri.svg","iconPng":"https://cdn.freshful.ro/assets/product_tags/fara_euri.png","backgroundColor":"#FCF5DF","textColor":"#CAA316"},{"type":"Natural","text":"Natural","icon":"https://cdn.freshful.ro/assets/product_tags/natural.svg","iconPng":"https://cdn.freshful.ro/assets/product_tags/natural.png","backgroundColor":"#E9FCF2","textColor":"#18AF62"},{"type":"MadeInRomania","text":"Made In Romania","icon":"https://cdn.freshful.ro/assets/product_tags/made_in_romania.svg","iconPng":"https://cdn.freshful.ro/assets/product_tags/made_in_romania.png","backgroundColor":"#EDF2FD","textColor":"#1653CA"},{"type":"NoPreservatives","text":"Fara conservanti","icon":"https://cdn.freshful.ro/assets/product_tags/fara_conservanti.svg","iconPng":"https://cdn.freshful.ro/assets/product_tags/fara_conservanti.png","backgroundColor":"#F0F2FF","textColor":"#7889DD"}],"isAvailable":true,"maxAvailableQuantity":32,"maxAllowedQuantity":100,"breadcrumbs":[{"code":"2","name":"Carne & pește","slug":"2-carne-si-peste"},{"code":"208","name":"Pește marinat","slug":"208-peste-marinat"},{"code":"20805","name":"Păstrăv marinat","slug":"pastrav-marinat"},{"code":"100150138","name":"Zdrențe jăruite din păstrăv somonat în ulei de măsline 150g","slug":"100150138-pastravaria-busteni-zdrente-jaruite-din-pastrav-somonat-in-ulei-de-masline-150g"}],"activePromotion":{"code":"bunatatile-saptamanii-cw0923","name":"Preț redus","targetQuantity":null},"saveMe":null,"labels":[{"type":"v1","items":[{"text":"-15%","backgroundColor":"#FF9903","textColor":"#FFFFFF"}]}],"geniusPrice":null,"geniusUnitPricePerLabel":null,"banner":{"text":"Super preț","textColor":"#FF0000","bgColor":"#FFF2EC","icon":null,"link":"https://www.freshful.ro/oferte/bunatatile-saptamanii-cw0923","type":"promo","analyticsEventType":"select_promotion","analyticsEventPayload":{"promotion_id":"bunatatile-saptamanii-cw0923","promotion_name":"Oferta proaspătă a săptămânii"}},"discountLabel":"Economisești 15%","geniusDiscountLabel":null,"badge":null},{"code":"100063377","variantCode":"6420103023692","name":"File de hering marinat clasic 200g","slug":"100063377-ocean-fish-file-de-hering-marinat-clasic-200g","unitPriceLabel":"56,95 Lei/kg","brand":"Ocean Fish","brandCode":"191","brandFilterCode":"ocean-fish-b192","sku":"100063377","price":11.39,"originalPrice":null,"currencyCode":"RON","currency":"Lei","image":{"thumbnail":{"default":"https://cdn.freshful.ro/media/cache/sylius_shop_product_thumbnail/3b/cc/e48f9f9f45a74690ff5dd129716b.jpg"},"large":{"default":"https://cdn.freshful.ro/media/cache/freshful_large/3b/cc/e48f9f9f45a74690ff5dd129716b.jpg"},"extralarge":{"default":"https://cdn.freshful.ro/media/cache/sylius_shop_product_original/3b/cc/e48f9f9f45a74690ff5dd129716b.jpg"}},"label":null,"tags":[],"isAvailable":true,"maxAvailableQuantity":93,"maxAllowedQuantity":100,"breadcrumbs":[{"code":"2","name":"Carne & pește","slug":"2-carne-si-peste"},{"code":"208","name":"Pește marinat","slug":"208-peste-marinat"},{"code":"20802","name":"Hering marinat","slug":"20802-hering-marinat"},{"code":"100063377","name":"File de hering marinat clasic 200g","slug":"100063377-ocean-fish-file-de-hering-marinat-clasic-200g"}],"activePromotion":null,"saveMe":null,"labels":[],"geniusPrice":null,"geniusUnitPricePerLabel":null,"banner":null,"discountLabel":null,"geniusDiscountLabel":null,"badge":null},{"code":"100120185","variantCode":"100120185","name":"Macrou marinat 350g","slug":"100120185-deltaica-macrou-marinat-350g","unitPriceLabel":"31,4 Lei/kg","brand":"Deltaica","brandCode":"1685","brandFilterCode":"deltaica-b1689","sku":"100120185","price":10.99,"originalPrice":null,"currencyCode":"RON","currency":"Lei","image":{"thumbnail":{"default":"https://cdn.freshful.ro/media/cache/sylius_shop_product_thumbnail/cd/9e/2a2766faa91fe01bbc1b70bd6ae8.jpg"},"large":{"default":"https://cdn.freshful.ro/media/cache/freshful_large/cd/9e/2a2766faa91fe01bbc1b70bd6ae8.jpg"},"extralarge":{"default":"https://cdn.freshful.ro/media/cache/sylius_shop_product_original/cd/9e/2a2766faa91fe01bbc1b70bd6ae8.jpg"}},"label":null,"tags":[{"type":"NoPreservatives","text":"Fara conservanti","icon":"https://cdn.freshful.ro/assets/product_tags/fara_conservanti.svg","iconPng":"https://cdn.freshful.ro/assets/product_tags/fara_conservanti.png","backgroundColor":"#F0F2FF","textColor":"#7889DD"},{"type":"NoE","text":"Fara E-uri","icon":"https://cdn.freshful.ro/assets/product_tags/fara_euri.svg","iconPng":"https://cdn.freshful.ro/assets/product_tags/fara_euri.png","backgroundColor":"#FCF5DF","textColor":"#CAA316"}],"isAvailable":true,"maxAvailableQuantity":21,"maxAllowedQuantity":100,"breadcrumbs":[{"code":"2","name":"Carne & pește","slug":"2-carne-si-peste"},{"code":"208","name":"Pește marinat","slug":"208-peste-marinat"},{"code":"20803","name":"Macrou marinat","slug":"20803-macrou-marinat"},{"code":"100120185","name":"Macrou marinat 350g","slug":"100120185-deltaica-macrou-marinat-350g"}],"activePromotion":null,"saveMe":null,"labels":[],"geniusPrice":null,"geniusUnitPricePerLabel":null,"banner":null,"discountLabel":null,"geniusDiscountLabel":null,"badge":null},{"code":"100036664","variantCode":"5949003406684","name":"Fileuri de anșoa marinat cu usturoi 200g","slug":"100036664-alfredo-seafood-fileuri-de-ansoa-marinat-cu-usturoi-200g","unitPriceLabel":"99,45 Lei/kg","brand":"Alfredo Seafood","brandCode":"221","brandFilterCode":"alfredo-seafood-b222","sku":"100036664","price":19.89,"originalPrice":null,"currencyCode":"RON","currency":"Lei","image":{"thumbnail":{"default":"https://cdn.freshful.ro/media/cache/sylius_shop_product_thumbnail/15/01/5c0784f0c52f89d0d23bdc5dbb20.jpg"},"large":{"default":"https://cdn.freshful.ro/media/cache/freshful_large/15/01/5c0784f0c52f89d0d23bdc5dbb20.jpg"},"extralarge":{"default":"https://cdn.freshful.ro/media/cache/sylius_shop_product_original/15/01/5c0784f0c52f89d0d23bdc5dbb20.jpg"}},"label":null,"tags":[],"isAvailable":true,"maxAvailableQuantity":43,"maxAllowedQuantity":100,"breadcrumbs":[{"code":"2","name":"Carne & pește","slug":"2-carne-si-peste"},{"code":"208","name":"Pește marinat","slug":"208-peste-marinat"},{"code":"20801","name":"Anșoa","slug":"20801-ansoa"},{"code":"100036664","name":"Fileuri de anșoa marinat cu usturoi 200g","slug":"100036664-alfredo-seafood-fileuri-de-ansoa-marinat-cu-usturoi-200g"}],"activePromotion":null,"saveMe":null,"labels":[],"geniusPrice":null,"geniusUnitPricePerLabel":null,"banner":null,"discountLabel":null,"geniusDiscountLabel":null,"badge":null},{"code":"100120183","variantCode":"100120183","name":"Sardeluță marinată în vin 350g","slug":"100120183-deltaica-sardeluta-marinata-in-vin-350g","unitPriceLabel":"38,54 Lei/kg","brand":"Deltaica","brandCode":"1685","brandFilterCode":"deltaica-b1689","sku":"100120183","price":13.49,"originalPrice":null,"currencyCode":"RON","currency":"Lei","image":{"thumbnail":{"default":"https://cdn.freshful.ro/media/cache/sylius_shop_product_thumbnail/78/fe/81a55556edecfdc995f1ea3309c6.jpg"},"large":{"default":"https://cdn.freshful.ro/media/cache/freshful_large/78/fe/81a55556edecfdc995f1ea3309c6.jpg"},"extralarge":{"default":"https://cdn.freshful.ro/media/cache/sylius_shop_product_original/78/fe/81a55556edecfdc995f1ea3309c6.jpg"}},"label":null,"tags":[{"type":"NoE","text":"Fara E-uri","icon":"https://cdn.freshful.ro/assets/product_tags/fara_euri.svg","iconPng":"https://cdn.freshful.ro/assets/product_tags/fara_euri.png","backgroundColor":"#FCF5DF","textColor":"#CAA316"},{"type":"NoPreservatives","text":"Fara conservanti","icon":"https://cdn.freshful.ro/assets/product_tags/fara_conservanti.svg","iconPng":"https://cdn.freshful.ro/assets/product_tags/fara_conservanti.png","backgroundColor":"#F0F2FF","textColor":"#7889DD"}],"isAvailable":true,"maxAvailableQuantity":25,"maxAllowedQuantity":100,"breadcrumbs":[{"code":"2","name":"Carne & pește","slug":"2-carne-si-peste"},{"code":"208","name":"Pește marinat","slug":"208-peste-marinat"},{"code":"20802","name":"Hering marinat","slug":"20802-hering-marinat"},{"code":"100120183","name":"Sardeluță marinată în vin 350g","slug":"100120183-deltaica-sardeluta-marinata-in-vin-350g"}],"activePromotion":null,"saveMe":null,"labels":[],"geniusPrice":null,"geniusUnitPricePerLabel":null,"banner":null,"discountLabel":null,"geniusDiscountLabel":null,"badge":null},{"code":"100120181","variantCode":"100120181","name":"Sardeluță marinată în ulei 165g","slug":"100120181-deltaica-sardeluta-marinata-in-ulei-165g","unitPriceLabel":"52,06 Lei/kg","brand":"Deltaica","brandCode":"1685","brandFilterCode":"deltaica-b1689","sku":"100120181","price":8.59,"originalPrice":null,"currencyCode":"RON","currency":"Lei","image":{"thumbnail":{"default":"https://cdn.freshful.ro/media/cache/sylius_shop_product_thumbnail/02/ab/816bdf9a23446dd85cceb7b9e6a8.jpg"},"large":{"default":"https://cdn.freshful.ro/media/cache/freshful_large/02/ab/816bdf9a23446dd85cceb7b9e6a8.jpg"},"extralarge":{"default":"https://cdn.freshful.ro/media/cache/sylius_shop_product_original/02/ab/816bdf9a23446dd85cceb7b9e6a8.jpg"}},"label":null,"tags":[{"type":"MadeInRomania","text":"Made In Romania","icon":"https://cdn.freshful.ro/assets/product_tags/made_in_romania.svg","iconPng":"https://cdn.freshful.ro/assets/product_tags/made_in_romania.png","backgroundColor":"#EDF2FD","textColor":"#1653CA"},{"type":"NoE","text":"Fara E-uri","icon":"https://cdn.freshful.ro/assets/product_tags/fara_euri.svg","iconPng":"https://cdn.freshful.ro/assets/product_tags/fara_euri.png","backgroundColor":"#FCF5DF","textColor":"#CAA316"},{"type":"NoPreservatives","text":"Fara conservanti","icon":"https://cdn.freshful.ro/assets/product_tags/fara_conservanti.svg","iconPng":"https://cdn.freshful.ro/assets/product_tags/fara_conservanti.png","backgroundColor":"#F0F2FF","textColor":"#7889DD"}],"isAvailable":true,"maxAvailableQuantity":20,"maxAllowedQuantity":100,"breadcrumbs":[{"code":"2","name":"Carne & pește","slug":"2-carne-si-peste"},{"code":"208","name":"Pește marinat","slug":"208-peste-marinat"},{"code":"20802","name":"Hering marinat","slug":"20802-hering-marinat"},{"code":"100120181","name":"Sardeluță marinată în ulei 165g","slug":"100120181-deltaica-sardeluta-marinata-in-ulei-165g"}],"activePromotion":null,"saveMe":null,"labels":[],"geniusPrice":null,"geniusUnitPricePerLabel":null,"banner":null,"discountLabel":null,"geniusDiscountLabel":null,"badge":null},{"code":"100110192","variantCode":"100110192","name":"Rulouri hering cu usturoi 200g","slug":"100110192-rafa-rulouri-hering-cu-usturoi-200g","unitPriceLabel":"63,45 Lei/kg","brand":"Rafa","brandCode":"507","brandFilterCode":"rafa-b508","sku":"100110192","price":12.69,"originalPrice":null,"currencyCode":"RON","currency":"Lei","image":{"thumbnail":{"default":"https://cdn.freshful.ro/media/cache/sylius_shop_product_thumbnail/2e/c1/f5f2d5fdd09760fe2137174b30d1.jpg"},"large":{"default":"https://cdn.freshful.ro/media/cache/freshful_large/2e/c1/f5f2d5fdd09760fe2137174b30d1.jpg"},"extralarge":{"default":"https://cdn.freshful.ro/media/cache/sylius_shop_product_original/2e/c1/f5f2d5fdd09760fe2137174b30d1.jpg"}},"label":null,"tags":[],"isAvailable":true,"maxAvailableQuantity":11,"maxAllowedQuantity":100,"breadcrumbs":[{"code":"2","name":"Carne & pește","slug":"2-carne-si-peste"},{"code":"208","name":"Pește marinat","slug":"208-peste-marinat"},{"code":"20802","name":"Hering marinat","slug":"20802-hering-marinat"},{"code":"100110192","name":"Rulouri hering cu usturoi 200g","slug":"100110192-rafa-rulouri-hering-cu-usturoi-200g"}],"activePromotion":null,"saveMe":null,"labels":[],"geniusPrice":null,"geniusUnitPricePerLabel":null,"banner":null,"discountLabel":null,"geniusDiscountLabel":null,"badge":null},{"code":"100036663","variantCode":"5949003406714","name":"Fileuri de anșoa cu sos de ardei iute 200g","slug":"100036663-alfredo-seafood-fileuri-de-ansoa-cu-sos-de-ardei-iute-200g","unitPriceLabel":"99,9 Lei/kg","brand":"Alfredo Seafood","brandCode":"221","brandFilterCode":"alfredo-seafood-b222","sku":"100036663","price":19.98,"originalPrice":null,"currencyCode":"RON","currency":"Lei","image":{"thumbnail":{"default":"https://cdn.freshful.ro/media/cache/sylius_shop_product_thumbnail/22/ae/ab51d12f7bf4e07341624a4ee2d1.jpg"},"large":{"default":"https://cdn.freshful.ro/media/cache/freshful_large/22/ae/ab51d12f7bf4e07341624a4ee2d1.jpg"},"extralarge":{"default":"https://cdn.freshful.ro/media/cache/sylius_shop_product_original/22/ae/ab51d12f7bf4e07341624a4ee2d1.jpg"}},"label":null,"tags":[],"isAvailable":true,"maxAvailableQuantity":19,"maxAllowedQuantity":100,"breadcrumbs":[{"code":"2","name":"Carne & pește","slug":"2-carne-si-peste"},{"code":"208","name":"Pește marinat","slug":"208-peste-marinat"},{"code":"20801","name":"Anșoa","slug":"20801-ansoa"},{"code":"100036663","name":"Fileuri de anșoa cu sos de ardei iute 200g","slug":"100036663-alfredo-seafood-fileuri-de-ansoa-cu-sos-de-ardei-iute-200g"}],"activePromotion":null,"saveMe":null,"labels":[],"geniusPrice":null,"geniusUnitPricePerLabel":null,"banner":null,"discountLabel":null,"geniusDiscountLabel":null,"badge":null},{"code":"100036760","variantCode":"5941899900116","name":"Macrou marinat cu legume 600g","slug":"100036760-pescaria-magic-macrou-marinat-cu-legume-600g","unitPriceLabel":"28,32 Lei/kg","brand":"Pescaria Magic","brandCode":"186","brandFilterCode":"pescaria-magic-b187","sku":"100036760","price":16.99,"originalPrice":null,"currencyCode":"RON","currency":"Lei","image":{"thumbnail":{"default":"https://cdn.freshful.ro/media/cache/sylius_shop_product_thumbnail/8c/d0/503a38aa2ee26494cbedece16eff.jpg"},"large":{"default":"https://cdn.freshful.ro/media/cache/freshful_large/8c/d0/503a38aa2ee26494cbedece16eff.jpg"},"extralarge":{"default":"https://cdn.freshful.ro/media/cache/sylius_shop_product_original/8c/d0/503a38aa2ee26494cbedece16eff.jpg"}},"label":{"text":"Mici producători","backgroundColor":"#7B61FF","textColor":"#FFFFFF"},"tags":[],"isAvailable":true,"maxAvailableQuantity":10,"maxAllowedQuantity":100,"breadcrumbs":[{"code":"2","name":"Carne & pește","slug":"2-carne-si-peste"},{"code":"208","name":"Pește marinat","slug":"208-peste-marinat"},{"code":"20803","name":"Macrou marinat","slug":"20803-macrou-marinat"},{"code":"100036760","name":"Macrou marinat cu legume 600g","slug":"100036760-pescaria-magic-macrou-marinat-cu-legume-600g"}],"activePromotion":null,"saveMe":null,"labels":[{"type":"v1","items":[{"text":"Mici producători","backgroundColor":"#7B61FF","textColor":"#FFFFFF"}]}],"geniusPrice":null,"geniusUnitPricePerLabel":null,"banner":null,"discountLabel":null,"geniusDiscountLabel":null,"badge":null},{"code":"100120186","variantCode":"100120186","name":"Marinată lipovenească 500g","slug":"100120186-deltaica-marinata-lipoveneasca-500g","unitPriceLabel":"39,18 Lei/kg","brand":"Deltaica","brandCode":"1685","brandFilterCode":"deltaica-b1689","sku":"100120186","price":19.59,"originalPrice":null,"currencyCode":"RON","currency":"Lei","image":{"thumbnail":{"default":"https://cdn.freshful.ro/media/cache/sylius_shop_product_thumbnail/02/5d/5d9b4b1f15c302c09786de00dd15.jpg"},"large":{"default":"https://cdn.freshful.ro/media/cache/freshful_large/02/5d/5d9b4b1f15c302c09786de00dd15.jpg"},"extralarge":{"default":"https://cdn.freshful.ro/media/cache/sylius_shop_product_original/02/5d/5d9b4b1f15c302c09786de00dd15.jpg"}},"label":null,"tags":[{"type":"MadeInRomania","text":"Made In Romania","icon":"https://cdn.freshful.ro/assets/product_tags/made_in_romania.svg","iconPng":"https://cdn.freshful.ro/assets/product_tags/made_in_romania.png","backgroundColor":"#EDF2FD","textColor":"#1653CA"},{"type":"NoE","text":"Fara E-uri","icon":"https://cdn.freshful.ro/assets/product_tags/fara_euri.svg","iconPng":"https://cdn.freshful.ro/assets/product_tags/fara_euri.png","backgroundColor":"#FCF5DF","textColor":"#CAA316"},{"type":"NoPreservatives","text":"Fara conservanti","icon":"https://cdn.freshful.ro/assets/product_tags/fara_conservanti.svg","iconPng":"https://cdn.freshful.ro/assets/product_tags/fara_conservanti.png","backgroundColor":"#F0F2FF","textColor":"#7889DD"}],"isAvailable":true,"maxAvailableQuantity":5,"maxAllowedQuantity":100,"breadcrumbs":[{"code":"2","name":"Carne & pește","slug":"2-carne-si-peste"},{"code":"208","name":"Pește marinat","slug":"208-peste-marinat"},{"code":"20803","name":"Macrou marinat","slug":"20803-macrou-marinat"},{"code":"100120186","name":"Marinată lipovenească 500g","slug":"100120186-deltaica-marinata-lipoveneasca-500g"}],"activePromotion":null,"saveMe":null,"labels":[],"geniusPrice":null,"geniusUnitPricePerLabel":null,"banner":null,"discountLabel":null,"geniusDiscountLabel":null,"badge":null}]},{"analyticsListId":"category-slot_209-icre-si-salata-de-icre","analyticsListName":"Category Slot - Icre și salată de icre","type":"products_carousel","title":"Icre și salată de icre","link":{"title":"Mai multe","count":40,"url":"/c/2-carne-si-peste/209-icre-si-salata-de-icre"},"products":[{"code":"100120176","variantCode":"100120176","name":"Salată cu icre de crap și ceapă 100g","slug":"100120176-deltaica-salata-cu-icre-de-crap-si-ceapa-100g","unitPriceLabel":"65,9 Lei/kg","brand":"Deltaica","brandCode":"1685","brandFilterCode":"deltaica-b1689","sku":"100120176","price":6.59,"originalPrice":null,"currencyCode":"RON","currency":"Lei","image":{"thumbnail":{"default":"https://cdn.freshful.ro/media/cache/sylius_shop_product_thumbnail/7f/71/686d78814bfb3db9b7da95aa76d4.jpg"},"large":{"default":"https://cdn.freshful.ro/media/cache/freshful_large/7f/71/686d78814bfb3db9b7da95aa76d4.jpg"},"extralarge":{"default":"https://cdn.freshful.ro/media/cache/sylius_shop_product_original/7f/71/686d78814bfb3db9b7da95aa76d4.jpg"}},"label":null,"tags":[{"type":"MadeInRomania","text":"Made In Romania","icon":"https://cdn.freshful.ro/assets/product_tags/made_in_romania.svg","iconPng":"https://cdn.freshful.ro/assets/product_tags/made_in_romania.png","backgroundColor":"#EDF2FD","textColor":"#1653CA"},{"type":"NoPreservatives","text":"Fara conservanti","icon":"https://cdn.freshful.ro/assets/product_tags/fara_conservanti.svg","iconPng":"https://cdn.freshful.ro/assets/product_tags/fara_conservanti.png","backgroundColor":"#F0F2FF","textColor":"#7889DD"},{"type":"NoE","text":"Fara E-uri","icon":"https://cdn.freshful.ro/assets/product_tags/fara_euri.svg","iconPng":"https://cdn.freshful.ro/assets/product_tags/fara_euri.png","backgroundColor":"#FCF5DF","textColor":"#CAA316"}],"isAvailable":true,"maxAvailableQuantity":100,"maxAllowedQuantity":100,"breadcrumbs":[{"code":"2","name":"Carne & pește","slug":"2-carne-si-peste"},{"code":"209","name":"Icre și salată de icre","slug":"209-icre-si-salata-de-icre"},{"code":"20902","name":"Salată de icre","slug":"20902-salata-de-icre"},{"code":"100120176","name":"Salată cu icre de crap și ceapă 100g","slug":"100120176-deltaica-salata-cu-icre-de-crap-si-ceapa-100g"}],"activePromotion":null,"saveMe":null,"labels":[],"geniusPrice":null,"geniusUnitPricePerLabel":null,"banner":null,"discountLabel":null,"geniusDiscountLabel":null,"badge":null},{"code":"100120177","variantCode":"100120177","name":"Salată cu icre de știucă de Tulcea IGP 100g","slug":"100120177-deltaica-salata-cu-icre-de-stiuca-de-tulcea-igp-100g","unitPriceLabel":"129,9 Lei/kg","brand":"Deltaica","brandCode":"1685","brandFilterCode":"deltaica-b1689","sku":"100120177","price":12.99,"originalPrice":null,"currencyCode":"RON","currency":"Lei","image":{"thumbnail":{"default":"https://cdn.freshful.ro/media/cache/sylius_shop_product_thumbnail/3d/36/bcf957d241e611ee331b2f1aa8e4.jpg"},"large":{"default":"https://cdn.freshful.ro/media/cache/freshful_large/3d/36/bcf957d241e611ee331b2f1aa8e4.jpg"},"extralarge":{"default":"https://cdn.freshful.ro/media/cache/sylius_shop_product_original/3d/36/bcf957d241e611ee331b2f1aa8e4.jpg"}},"label":null,"tags":[{"type":"MadeInRomania","text":"Made In Romania","icon":"https://cdn.freshful.ro/assets/product_tags/made_in_romania.svg","iconPng":"https://cdn.freshful.ro/assets/product_tags/made_in_romania.png","backgroundColor":"#EDF2FD","textColor":"#1653CA"},{"type":"NoE","text":"Fara E-uri","icon":"https://cdn.freshful.ro/assets/product_tags/fara_euri.svg","iconPng":"https://cdn.freshful.ro/assets/product_tags/fara_euri.png","backgroundColor":"#FCF5DF","textColor":"#CAA316"},{"type":"NoPreservatives","text":"Fara conservanti","icon":"https://cdn.freshful.ro/assets/product_tags/fara_conservanti.svg","iconPng":"https://cdn.freshful.ro/assets/product_tags/fara_conservanti.png","backgroundColor":"#F0F2FF","textColor":"#7889DD"}],"isAvailable":true,"maxAvailableQuantity":50,"maxAllowedQuantity":100,"breadcrumbs":[{"code":"2","name":"Carne & pește","slug":"2-carne-si-peste"},{"code":"209","name":"Icre și salată de icre","slug":"209-icre-si-salata-de-icre"},{"code":"20902","name":"Salată de icre","slug":"20902-salata-de-icre"},{"code":"100120177","name":"Salată cu icre de știucă de Tulcea IGP 100g","slug":"100120177-deltaica-salata-cu-icre-de-stiuca-de-tulcea-igp-100g"}],"activePromotion":null,"saveMe":null,"labels":[],"geniusPrice":null,"geniusUnitPricePerLabel":null,"banner":null,"discountLabel":null,"geniusDiscountLabel":null,"badge":null},{"code":"100036968","variantCode":"5941330014730","name":"Salată cu icre de știucă 100g","slug":"100036968-gastronatura-salata-cu-icre-de-stiuca-100g","unitPriceLabel":"108,9 Lei/kg","brand":"Gastronatura","brandCode":"479","brandFilterCode":"gastronatura-b480","sku":"100036968","price":10.89,"originalPrice":null,"currencyCode":"RON","currency":"Lei","image":{"thumbnail":{"default":"https://cdn.freshful.ro/media/cache/sylius_shop_product_thumbnail/c9/63/b959c4763e10387efbc367e1d2ec.jpg"},"large":{"default":"https://cdn.freshful.ro/media/cache/freshful_large/c9/63/b959c4763e10387efbc367e1d2ec.jpg"},"extralarge":{"default":"https://cdn.freshful.ro/media/cache/sylius_shop_product_original/c9/63/b959c4763e10387efbc367e1d2ec.jpg"}},"label":null,"tags":[],"isAvailable":true,"maxAvailableQuantity":69,"maxAllowedQuantity":100,"breadcrumbs":[{"code":"2","name":"Carne & pește","slug":"2-carne-si-peste"},{"code":"209","name":"Icre și salată de icre","slug":"209-icre-si-salata-de-icre"},{"code":"20902","name":"Salată de icre","slug":"20902-salata-de-icre"},{"code":"100036968","name":"Salată cu icre de știucă 100g","slug":"100036968-gastronatura-salata-cu-icre-de-stiuca-100g"}],"activePromotion":null,"saveMe":null,"labels":[],"geniusPrice":null,"geniusUnitPricePerLabel":null,"banner":null,"discountLabel":null,"geniusDiscountLabel":null,"badge":null},{"code":"100031163","variantCode":"100031163","name":"Salată cu icre de crap și ceapă 150g","slug":"100031163-bonito-salata-cu-icre-de-crap-si-ceapa-150g","unitPriceLabel":"49,93 Lei/kg","brand":"Bonito","brandCode":"295","brandFilterCode":"bonito-b296","sku":"100031163","price":7.49,"originalPrice":null,"currencyCode":"RON","currency":"Lei","image":{"thumbnail":{"default":"https://cdn.freshful.ro/media/cache/sylius_shop_product_thumbnail/98/3d/0bc72ea55a766471438f2a05c455.jpg"},"large":{"default":"https://cdn.freshful.ro/media/cache/freshful_large/98/3d/0bc72ea55a766471438f2a05c455.jpg"},"extralarge":{"default":"https://cdn.freshful.ro/media/cache/sylius_shop_product_original/98/3d/0bc72ea55a766471438f2a05c455.jpg"}},"label":null,"tags":[],"isAvailable":true,"maxAvailableQuantity":31,"maxAllowedQuantity":100,"breadcrumbs":[{"code":"2","name":"Carne & pește","slug":"2-carne-si-peste"},{"code":"209","name":"Icre și salată de icre","slug":"209-icre-si-salata-de-icre"},{"code":"20902","name":"Salată de icre","slug":"20902-salata-de-icre"},{"code":"100031163","name":"Salată cu icre de crap și ceapă 150g","slug":"100031163-bonito-salata-cu-icre-de-crap-si-ceapa-150g"}],"activePromotion":null,"saveMe":null,"labels":[],"geniusPrice":null,"geniusUnitPricePerLabel":null,"banner":null,"discountLabel":null,"geniusDiscountLabel":null,"badge":null},{"code":"100063383","variantCode":"6420103025009","name":"Caviar de somon 50g","slug":"100063383-ocean-fish-caviar-de-somon-50g","unitPriceLabel":"389,8 Lei/kg","brand":"Ocean Fish","brandCode":"191","brandFilterCode":"ocean-fish-b192","sku":"100063383","price":19.49,"originalPrice":null,"currencyCode":"RON","currency":"Lei","image":{"thumbnail":{"default":"https://cdn.freshful.ro/media/cache/sylius_shop_product_thumbnail/60/b8/1c1866d308cc3c16783f8f79675c.jpg"},"large":{"default":"https://cdn.freshful.ro/media/cache/freshful_large/60/b8/1c1866d308cc3c16783f8f79675c.jpg"},"extralarge":{"default":"https://cdn.freshful.ro/media/cache/sylius_shop_product_original/60/b8/1c1866d308cc3c16783f8f79675c.jpg"}},"label":null,"tags":[],"isAvailable":true,"maxAvailableQuantity":100,"maxAllowedQuantity":100,"breadcrumbs":[{"code":"2","name":"Carne & pește","slug":"2-carne-si-peste"},{"code":"209","name":"Icre și salată de icre","slug":"209-icre-si-salata-de-icre"},{"code":"20901","name":"Icre","slug":"20901-icre"},{"code":"100063383","name":"Caviar de somon 50g","slug":"100063383-ocean-fish-caviar-de-somon-50g"}],"activePromotion":null,"saveMe":null,"labels":[],"geniusPrice":null,"geniusUnitPricePerLabel":null,"banner":null,"discountLabel":null,"geniusDiscountLabel":null,"badge":null},{"code":"100120175","variantCode":"100120175","name":"Salată cu icre de crap 100g","slug":"100120175-deltaica-salata-cu-icre-de-crap-100g","unitPriceLabel":"65,9 Lei/kg","brand":"Deltaica","brandCode":"1685","brandFilterCode":"deltaica-b1689","sku":"100120175","price":6.59,"originalPrice":null,"currencyCode":"RON","currency":"Lei","image":{"thumbnail":{"default":"https://cdn.freshful.ro/media/cache/sylius_shop_product_thumbnail/f1/02/a6c7f2dbe735eda55fffc33be5a3.jpg"},"large":{"default":"https://cdn.freshful.ro/media/cache/freshful_large/f1/02/a6c7f2dbe735eda55fffc33be5a3.jpg"},"extralarge":{"default":"https://cdn.freshful.ro/media/cache/sylius_shop_product_original/f1/02/a6c7f2dbe735eda55fffc33be5a3.jpg"}},"label":null,"tags":[{"type":"NoPreservatives","text":"Fara conservanti","icon":"https://cdn.freshful.ro/assets/product_tags/fara_conservanti.svg","iconPng":"https://cdn.freshful.ro/assets/product_tags/fara_conservanti.png","backgroundColor":"#F0F2FF","textColor":"#7889DD"},{"type":"MadeInRomania","text":"Made In Romania","icon":"https://cdn.freshful.ro/assets/product_tags/made_in_romania.svg","iconPng":"https://cdn.freshful.ro/assets/product_tags/made_in_romania.png","backgroundColor":"#EDF2FD","textColor":"#1653CA"},{"type":"NoE","text":"Fara E-uri","icon":"https://cdn.freshful.ro/assets/product_tags/fara_euri.svg","iconPng":"https://cdn.freshful.ro/assets/product_tags/fara_euri.png","backgroundColor":"#FCF5DF","textColor":"#CAA316"}],"isAvailable":true,"maxAvailableQuantity":11,"maxAllowedQuantity":100,"breadcrumbs":[{"code":"2","name":"Carne & pește","slug":"2-carne-si-peste"},{"code":"209","name":"Icre și salată de icre","slug":"209-icre-si-salata-de-icre"},{"code":"20902","name":"Salată de icre","slug":"20902-salata-de-icre"},{"code":"100120175","name":"Salată cu icre de crap 100g","slug":"100120175-deltaica-salata-cu-icre-de-crap-100g"}],"activePromotion":null,"saveMe":null,"labels":[],"geniusPrice":null,"geniusUnitPricePerLabel":null,"banner":null,"discountLabel":null,"geniusDiscountLabel":null,"badge":null},{"code":"100120178","variantCode":"100120178","name":"Salată cu icre de știucă și ceapă 100g","slug":"100120178-deltaica-salata-cu-icre-de-stiuca-si-ceapa-100g","unitPriceLabel":"129,9 Lei/kg","brand":"Deltaica","brandCode":"1685","brandFilterCode":"deltaica-b1689","sku":"100120178","price":12.99,"originalPrice":null,"currencyCode":"RON","currency":"Lei","image":{"thumbnail":{"default":"https://cdn.freshful.ro/media/cache/sylius_shop_product_thumbnail/24/71/70c6c4c7f48267838c450c5b7475.jpg"},"large":{"default":"https://cdn.freshful.ro/media/cache/freshful_large/24/71/70c6c4c7f48267838c450c5b7475.jpg"},"extralarge":{"default":"https://cdn.freshful.ro/media/cache/sylius_shop_product_original/24/71/70c6c4c7f48267838c450c5b7475.jpg"}},"label":null,"tags":[{"type":"MadeInRomania","text":"Made In Romania","icon":"https://cdn.freshful.ro/assets/product_tags/made_in_romania.svg","iconPng":"https://cdn.freshful.ro/assets/product_tags/made_in_romania.png","backgroundColor":"#EDF2FD","textColor":"#1653CA"},{"type":"NoE","text":"Fara E-uri","icon":"https://cdn.freshful.ro/assets/product_tags/fara_euri.svg","iconPng":"https://cdn.freshful.ro/assets/product_tags/fara_euri.png","backgroundColor":"#FCF5DF","textColor":"#CAA316"},{"type":"NoPreservatives","text":"Fara conservanti","icon":"https://cdn.freshful.ro/assets/product_tags/fara_conservanti.svg","iconPng":"https://cdn.freshful.ro/assets/product_tags/fara_conservanti.png","backgroundColor":"#F0F2FF","textColor":"#7889DD"}],"isAvailable":true,"maxAvailableQuantity":46,"maxAllowedQuantity":100,"breadcrumbs":[{"code":"2","name":"Carne & pește","slug":"2-carne-si-peste"},{"code":"209","name":"Icre și salată de icre","slug":"209-icre-si-salata-de-icre"},{"code":"20902","name":"Salată de icre","slug":"20902-salata-de-icre"},{"code":"100120178","name":"Salată cu icre de știucă și ceapă 100g","slug":"100120178-deltaica-salata-cu-icre-de-stiuca-si-ceapa-100g"}],"activePromotion":null,"saveMe":null,"labels":[],"geniusPrice":null,"geniusUnitPricePerLabel":null,"banner":null,"discountLabel":null,"geniusDiscountLabel":null,"badge":null},{"code":"100036693","variantCode":"6422497003496","name":"Icre de păstrăv 100g","slug":"100036693-doripesco-icre-de-pastrav-100g","unitPriceLabel":"279,9 Lei/kg","brand":"Doripesco","brandCode":"175","brandFilterCode":"doripesco-b176","sku":"100036693","price":27.99,"originalPrice":null,"currencyCode":"RON","currency":"Lei","image":{"thumbnail":{"default":"https://cdn.freshful.ro/media/cache/sylius_shop_product_thumbnail/5b/c9/f5fa57819ae2e72f02d3f6fb52bf.jpg"},"large":{"default":"https://cdn.freshful.ro/media/cache/freshful_large/5b/c9/f5fa57819ae2e72f02d3f6fb52bf.jpg"},"extralarge":{"default":"https://cdn.freshful.ro/media/cache/sylius_shop_product_original/5b/c9/f5fa57819ae2e72f02d3f6fb52bf.jpg"}},"label":null,"tags":[],"isAvailable":true,"maxAvailableQuantity":24,"maxAllowedQuantity":100,"breadcrumbs":[{"code":"2","name":"Carne & pește","slug":"2-carne-si-peste"},{"code":"209","name":"Icre și salată de icre","slug":"209-icre-si-salata-de-icre"},{"code":"20901","name":"Icre","slug":"20901-icre"},{"code":"100036693","name":"Icre de păstrăv 100g","slug":"100036693-doripesco-icre-de-pastrav-100g"}],"activePromotion":null,"saveMe":null,"labels":[],"geniusPrice":null,"geniusUnitPricePerLabel":null,"banner":null,"discountLabel":null,"geniusDiscountLabel":null,"badge":null},{"code":"100150957","variantCode":"100150957","name":"Cremă cu icre de crap 70g","slug":"100150957-salmaris-crema-cu-icre-de-crap-70g","unitPriceLabel":"27,86 Lei/kg","brand":"Salmaris","brandCode":"296","brandFilterCode":"salmaris-b297","sku":"100150957","price":1.95,"originalPrice":null,"currencyCode":"RON","currency":"Lei","image":{"thumbnail":{"default":"https://cdn.freshful.ro/media/cache/sylius_shop_product_thumbnail/8e/08/152d3e8965de3f3063047b4ffa09.jpg"},"large":{"default":"https://cdn.freshful.ro/media/cache/freshful_large/8e/08/152d3e8965de3f3063047b4ffa09.jpg"},"extralarge":{"default":"https://cdn.freshful.ro/media/cache/sylius_shop_product_original/8e/08/152d3e8965de3f3063047b4ffa09.jpg"}},"label":{"text":"Primul preț","backgroundColor":"#3A0808","textColor":"#FFFFFF"},"tags":[],"isAvailable":true,"maxAvailableQuantity":1,"maxAllowedQuantity":100,"breadcrumbs":[{"code":"2","name":"Carne & pește","slug":"2-carne-si-peste"},{"code":"209","name":"Icre și salată de icre","slug":"209-icre-si-salata-de-icre"},{"code":"20902","name":"Salată de icre","slug":"20902-salata-de-icre"},{"code":"100150957","name":"Cremă cu icre de crap 70g","slug":"100150957-salmaris-crema-cu-icre-de-crap-70g"}],"activePromotion":null,"saveMe":null,"labels":[{"type":"v4","items":[{"text":"Primul","backgroundColor":"#3A0808","textColor":"#FFFFFF"},{"text":"preț","backgroundColor":"#BC0606","textColor":"#FFFFFF"}]}],"geniusPrice":null,"geniusUnitPricePerLabel":null,"banner":null,"discountLabel":null,"geniusDiscountLabel":null,"badge":null},{"code":"100036696","variantCode":"6422497003236","name":"Salată de icre de crap 160g","slug":"100036696-doripesco-salata-de-icre-de-crap-160g","unitPriceLabel":"96,88 Lei/kg","brand":"Doripesco","brandCode":"175","brandFilterCode":"doripesco-b176","sku":"100036696","price":15.5,"originalPrice":null,"currencyCode":"RON","currency":"Lei","image":{"thumbnail":{"default":"https://cdn.freshful.ro/media/cache/sylius_shop_product_thumbnail/4a/35/539dae9148d18905c7889082ffaa.jpg"},"large":{"default":"https://cdn.freshful.ro/media/cache/freshful_large/4a/35/539dae9148d18905c7889082ffaa.jpg"},"extralarge":{"default":"https://cdn.freshful.ro/media/cache/sylius_shop_product_original/4a/35/539dae9148d18905c7889082ffaa.jpg"}},"label":null,"tags":[{"type":"MadeInRomania","text":"Made In Romania","icon":"https://cdn.freshful.ro/assets/product_tags/made_in_romania.svg","iconPng":"https://cdn.freshful.ro/assets/product_tags/made_in_romania.png","backgroundColor":"#EDF2FD","textColor":"#1653CA"}],"isAvailable":true,"maxAvailableQuantity":41,"maxAllowedQuantity":100,"breadcrumbs":[{"code":"2","name":"Carne & pește","slug":"2-carne-si-peste"},{"code":"209","name":"Icre și salată de icre","slug":"209-icre-si-salata-de-icre"},{"code":"20902","name":"Salată de icre","slug":"20902-salata-de-icre"},{"code":"100036696","name":"Salată de icre de crap 160g","slug":"100036696-doripesco-salata-de-icre-de-crap-160g"}],"activePromotion":null,"saveMe":null,"labels":[],"geniusPrice":null,"geniusUnitPricePerLabel":null,"banner":null,"discountLabel":null,"geniusDiscountLabel":null,"badge":null}]},{"analyticsListId":"category-slot_210-specialitati-de-peste","analyticsListName":"Category Slot - Specialități de pește","type":"products_carousel","title":"Specialități de pește","link":{"title":"Mai multe","count":28,"url":"/c/2-carne-si-peste/210-specialitati-de-peste"},"products":[{"code":"100150131","variantCode":"100150131","name":"Fluștuc din păstrav curcubeu 100g","slug":"100150131-pastravaria-busteni-flustuc-din-pastrav-curcubeu-100g","unitPriceLabel":"189,9 Lei/kg","brand":"Păstrăvăria Bușteni","brandCode":"2971","brandFilterCode":"pastravaria-busteni-b3066","sku":"100150131","price":18.99,"originalPrice":22.39,"currencyCode":"RON","currency":"Lei","image":{"thumbnail":{"default":"https://cdn.freshful.ro/media/cache/sylius_shop_product_thumbnail/43/18/9e15ee17d327a282615b0f9e1213.jpg"},"large":{"default":"https://cdn.freshful.ro/media/cache/freshful_large/43/18/9e15ee17d327a282615b0f9e1213.jpg"},"extralarge":{"default":"https://cdn.freshful.ro/media/cache/sylius_shop_product_original/43/18/9e15ee17d327a282615b0f9e1213.jpg"}},"label":{"text":"-15%","backgroundColor":"#FF9903","textColor":"#FFFFFF"},"tags":[{"type":"NoE","text":"Fara E-uri","icon":"https://cdn.freshful.ro/assets/product_tags/fara_euri.svg","iconPng":"https://cdn.freshful.ro/assets/product_tags/fara_euri.png","backgroundColor":"#FCF5DF","textColor":"#CAA316"},{"type":"Natural","text":"Natural","icon":"https://cdn.freshful.ro/assets/product_tags/natural.svg","iconPng":"https://cdn.freshful.ro/assets/product_tags/natural.png","backgroundColor":"#E9FCF2","textColor":"#18AF62"},{"type":"MadeInRomania","text":"Made In Romania","icon":"https://cdn.freshful.ro/assets/product_tags/made_in_romania.svg","iconPng":"https://cdn.freshful.ro/assets/product_tags/made_in_romania.png","backgroundColor":"#EDF2FD","textColor":"#1653CA"},{"type":"NoPreservatives","text":"Fara conservanti","icon":"https://cdn.freshful.ro/assets/product_tags/fara_conservanti.svg","iconPng":"https://cdn.freshful.ro/assets/product_tags/fara_conservanti.png","backgroundColor":"#F0F2FF","textColor":"#7889DD"}],"isAvailable":true,"maxAvailableQuantity":20,"maxAllowedQuantity":100,"breadcrumbs":[{"code":"2","name":"Carne & pește","slug":"2-carne-si-peste"},{"code":"210","name":"Specialități de pește","slug":"210-specialitati-de-peste"},{"code":"21007","name":"Pastă de pește","slug":"21007-pasta-de-peste"},{"code":"100150131","name":"Fluștuc din păstrav curcubeu 100g","slug":"100150131-pastravaria-busteni-flustuc-din-pastrav-curcubeu-100g"}],"activePromotion":{"code":"bunatatile-saptamanii-cw0923","name":"Preț redus","targetQuantity":null},"saveMe":null,"labels":[{"type":"v1","items":[{"text":"-15%","backgroundColor":"#FF9903","textColor":"#FFFFFF"}]}],"geniusPrice":null,"geniusUnitPricePerLabel":null,"banner":{"text":"Super preț","textColor":"#FF0000","bgColor":"#FFF2EC","icon":null,"link":"https://www.freshful.ro/oferte/bunatatile-saptamanii-cw0923","type":"promo","analyticsEventType":"select_promotion","analyticsEventPayload":{"promotion_id":"bunatatile-saptamanii-cw0923","promotion_name":"Oferta proaspătă a săptămânii"}},"discountLabel":"Economisești 15%","geniusDiscountLabel":null,"badge":null},{"code":"100150135","variantCode":"100150135","name":"Pate din ficat și file de păstrăv 100g","slug":"100150135-pastravaria-busteni-pate-din-ficat-si-file-de-pastrav-100g","unitPriceLabel":"189,9 Lei/kg","brand":"Păstrăvăria Bușteni","brandCode":"2971","brandFilterCode":"pastravaria-busteni-b3066","sku":"100150135","price":18.99,"originalPrice":22.39,"currencyCode":"RON","currency":"Lei","image":{"thumbnail":{"default":"https://cdn.freshful.ro/media/cache/sylius_shop_product_thumbnail/fd/33/1142c78d5ac3417e1defd0127b02.jpg"},"large":{"default":"https://cdn.freshful.ro/media/cache/freshful_large/fd/33/1142c78d5ac3417e1defd0127b02.jpg"},"extralarge":{"default":"https://cdn.freshful.ro/media/cache/sylius_shop_product_original/fd/33/1142c78d5ac3417e1defd0127b02.jpg"}},"label":{"text":"-15%","backgroundColor":"#FF9903","textColor":"#FFFFFF"},"tags":[{"type":"NoE","text":"Fara E-uri","icon":"https://cdn.freshful.ro/assets/product_tags/fara_euri.svg","iconPng":"https://cdn.freshful.ro/assets/product_tags/fara_euri.png","backgroundColor":"#FCF5DF","textColor":"#CAA316"},{"type":"Natural","text":"Natural","icon":"https://cdn.freshful.ro/assets/product_tags/natural.svg","iconPng":"https://cdn.freshful.ro/assets/product_tags/natural.png","backgroundColor":"#E9FCF2","textColor":"#18AF62"},{"type":"MadeInRomania","text":"Made In Romania","icon":"https://cdn.freshful.ro/assets/product_tags/made_in_romania.svg","iconPng":"https://cdn.freshful.ro/assets/product_tags/made_in_romania.png","backgroundColor":"#EDF2FD","textColor":"#1653CA"},{"type":"NoPreservatives","text":"Fara conservanti","icon":"https://cdn.freshful.ro/assets/product_tags/fara_conservanti.svg","iconPng":"https://cdn.freshful.ro/assets/product_tags/fara_conservanti.png","backgroundColor":"#F0F2FF","textColor":"#7889DD"}],"isAvailable":true,"maxAvailableQuantity":24,"maxAllowedQuantity":100,"breadcrumbs":[{"code":"2","name":"Carne & pește","slug":"2-carne-si-peste"},{"code":"210","name":"Specialități de pește","slug":"210-specialitati-de-peste"},{"code":"21007","name":"Pastă de pește","slug":"21007-pasta-de-peste"},{"code":"100150135","name":"Pate din ficat și file de păstrăv 100g","slug":"100150135-pastravaria-busteni-pate-din-ficat-si-file-de-pastrav-100g"}],"activePromotion":{"code":"bunatatile-saptamanii-cw0923","name":"Preț redus","targetQuantity":null},"saveMe":{"isAvailable":true,"variantCode":"100150135-accsale","maxAvailableQuantity":15,"maxAllowedQuantity":100,"price":14.24,"originalPrice":18.99,"labels":[{"type":"v2","items":[{"text":"Save Me","backgroundColor":"#FF7070","textColor":"#FFFFFF"},{"text":"-25%","backgroundColor":"#333333","textColor":"#FFFFFF"}]},{"type":"v3","items":[{"text":"Expiră pe 08-03-2023","backgroundColor":"#FEF7DC","textColor":"#595959"}]}],"priceColor":"#FF7070","priceIcon":"https://cdn.freshful.ro/assets/save_me/priceIcon.png","unitPriceLabel":"142,4 Lei/kg","badge":null},"labels":[{"type":"v1","items":[{"text":"-15%","backgroundColor":"#FF9903","textColor":"#FFFFFF"}]}],"geniusPrice":null,"geniusUnitPricePerLabel":null,"banner":{"text":"Super preț","textColor":"#FF0000","bgColor":"#FFF2EC","icon":null,"link":"https://www.freshful.ro/oferte/bunatatile-saptamanii-cw0923","type":"promo","analyticsEventType":"select_promotion","analyticsEventPayload":{"promotion_id":"bunatatile-saptamanii-cw0923","promotion_name":"Oferta proaspătă a săptămânii"}},"discountLabel":"Economisești 15%","geniusDiscountLabel":null,"badge":null},{"code":"100036843","variantCode":"100036843","name":"Pate din păstrăv afumat cu smântână și usturoi Sburătoru' 190g","slug":"100036843-valeputna-pate-din-pastrav-afumat-cu-smantana-si-usturoi-sburatoru-190g","unitPriceLabel":"119 Lei/kg","brand":"Valeputna","brandCode":"264","brandFilterCode":"valeputna-b265","sku":"100036843","price":24.99,"originalPrice":29.49,"currencyCode":"RON","currency":"Lei","image":{"thumbnail":{"default":"https://cdn.freshful.ro/media/cache/sylius_shop_product_thumbnail/d7/ea/95ca3c7af18a5a53bd8ee323cf3f.jpg"},"large":{"default":"https://cdn.freshful.ro/media/cache/freshful_large/d7/ea/95ca3c7af18a5a53bd8ee323cf3f.jpg"},"extralarge":{"default":"https://cdn.freshful.ro/media/cache/sylius_shop_product_original/d7/ea/95ca3c7af18a5a53bd8ee323cf3f.jpg"}},"label":{"text":"-15%","backgroundColor":"#FF9903","textColor":"#FFFFFF"},"tags":[{"type":"Natural","text":"Natural","icon":"https://cdn.freshful.ro/assets/product_tags/natural.svg","iconPng":"https://cdn.freshful.ro/assets/product_tags/natural.png","backgroundColor":"#E9FCF2","textColor":"#18AF62"},{"type":"MadeInRomania","text":"Made In Romania","icon":"https://cdn.freshful.ro/assets/product_tags/made_in_romania.svg","iconPng":"https://cdn.freshful.ro/assets/product_tags/made_in_romania.png","backgroundColor":"#EDF2FD","textColor":"#1653CA"}],"isAvailable":true,"maxAvailableQuantity":37,"maxAllowedQuantity":100,"breadcrumbs":[{"code":"2","name":"Carne & pește","slug":"2-carne-si-peste"},{"code":"210","name":"Specialități de pește","slug":"210-specialitati-de-peste"},{"code":"21007","name":"Pastă de pește","slug":"21007-pasta-de-peste"},{"code":"100036843","name":"Pate din păstrăv afumat cu smântână și usturoi Sburătoru' 190g","slug":"100036843-valeputna-pate-din-pastrav-afumat-cu-smantana-si-usturoi-sburatoru-190g"}],"activePromotion":{"code":"bunatatile-saptamanii-cw0923","name":"Preț redus","targetQuantity":null},"saveMe":null,"labels":[{"type":"v1","items":[{"text":"-15%","backgroundColor":"#FF9903","textColor":"#FFFFFF"}]}],"geniusPrice":null,"geniusUnitPricePerLabel":null,"banner":{"text":"Super preț","textColor":"#FF0000","bgColor":"#FFF2EC","icon":null,"link":"https://www.freshful.ro/oferte/bunatatile-saptamanii-cw0923","type":"promo","analyticsEventType":"select_promotion","analyticsEventPayload":{"promotion_id":"bunatatile-saptamanii-cw0923","promotion_name":"Oferta proaspătă a săptămânii"}},"discountLabel":"Economisești 15%","geniusDiscountLabel":null,"badge":null},{"code":"100036699","variantCode":"6422497003465","name":"Cremă de păstrăv cu unt 140g","slug":"100036699-doripesco-crema-de-pastrav-cu-unt-140g","unitPriceLabel":"125 Lei/kg","brand":"Doripesco","brandCode":"175","brandFilterCode":"doripesco-b176","sku":"100036699","price":17.5,"originalPrice":null,"currencyCode":"RON","currency":"Lei","image":{"thumbnail":{"default":"https://cdn.freshful.ro/media/cache/sylius_shop_product_thumbnail/46/2b/fe11cbe09f25baf3eeb69d455a6f.jpg"},"large":{"default":"https://cdn.freshful.ro/media/cache/freshful_large/46/2b/fe11cbe09f25baf3eeb69d455a6f.jpg"},"extralarge":{"default":"https://cdn.freshful.ro/media/cache/sylius_shop_product_original/46/2b/fe11cbe09f25baf3eeb69d455a6f.jpg"}},"label":null,"tags":[{"type":"MadeInRomania","text":"Made In Romania","icon":"https://cdn.freshful.ro/assets/product_tags/made_in_romania.svg","iconPng":"https://cdn.freshful.ro/assets/product_tags/made_in_romania.png","backgroundColor":"#EDF2FD","textColor":"#1653CA"}],"isAvailable":true,"maxAvailableQuantity":36,"maxAllowedQuantity":100,"breadcrumbs":[{"code":"2","name":"Carne & pește","slug":"2-carne-si-peste"},{"code":"210","name":"Specialități de pește","slug":"210-specialitati-de-peste"},{"code":"21007","name":"Pastă de pește","slug":"21007-pasta-de-peste"},{"code":"100036699","name":"Cremă de păstrăv cu unt 140g","slug":"100036699-doripesco-crema-de-pastrav-cu-unt-140g"}],"activePromotion":null,"saveMe":null,"labels":[],"geniusPrice":null,"geniusUnitPricePerLabel":null,"banner":null,"discountLabel":null,"geniusDiscountLabel":null,"badge":null},{"code":"100031166","variantCode":"100031166","name":"Salată de ton cu maioneză 160g","slug":"100031166-bonito-salata-de-ton-cu-maioneza-160g","unitPriceLabel":"84,31 Lei/kg","brand":"Bonito","brandCode":"295","brandFilterCode":"bonito-b296","sku":"100031166","price":13.49,"originalPrice":null,"currencyCode":"RON","currency":"Lei","image":{"thumbnail":{"default":"https://cdn.freshful.ro/media/cache/sylius_shop_product_thumbnail/2a/08/f313fda08ba7c63d2d7c160ab62b.jpg"},"large":{"default":"https://cdn.freshful.ro/media/cache/freshful_large/2a/08/f313fda08ba7c63d2d7c160ab62b.jpg"},"extralarge":{"default":"https://cdn.freshful.ro/media/cache/sylius_shop_product_original/2a/08/f313fda08ba7c63d2d7c160ab62b.jpg"}},"label":null,"tags":[],"isAvailable":true,"maxAvailableQuantity":41,"maxAllowedQuantity":100,"breadcrumbs":[{"code":"2","name":"Carne & pește","slug":"2-carne-si-peste"},{"code":"210","name":"Specialități de pește","slug":"210-specialitati-de-peste"},{"code":"21007","name":"Pastă de pește","slug":"21007-pasta-de-peste"},{"code":"100031166","name":"Salată de ton cu maioneză 160g","slug":"100031166-bonito-salata-de-ton-cu-maioneza-160g"}],"activePromotion":null,"saveMe":null,"labels":[],"geniusPrice":null,"geniusUnitPricePerLabel":null,"banner":null,"discountLabel":null,"geniusDiscountLabel":null,"badge":null},{"code":"100036837","variantCode":"100036837","name":"Cabanos din păstrăv 100g","slug":"100036837-valeputna-cabanos-din-pastrav-100g","unitPriceLabel":"204,9 Lei/kg","brand":"Valeputna","brandCode":"264","brandFilterCode":"valeputna-b265","sku":"100036837","price":20.49,"originalPrice":null,"currencyCode":"RON","currency":"Lei","image":{"thumbnail":{"default":"https://cdn.freshful.ro/media/cache/sylius_shop_product_thumbnail/7c/d6/25c5b452af5c3a52caf6168a9782.jpg"},"large":{"default":"https://cdn.freshful.ro/media/cache/freshful_large/7c/d6/25c5b452af5c3a52caf6168a9782.jpg"},"extralarge":{"default":"https://cdn.freshful.ro/media/cache/sylius_shop_product_original/7c/d6/25c5b452af5c3a52caf6168a9782.jpg"}},"label":null,"tags":[{"type":"Natural","text":"Natural","icon":"https://cdn.freshful.ro/assets/product_tags/natural.svg","iconPng":"https://cdn.freshful.ro/assets/product_tags/natural.png","backgroundColor":"#E9FCF2","textColor":"#18AF62"},{"type":"MadeInRomania","text":"Made In Romania","icon":"https://cdn.freshful.ro/assets/product_tags/made_in_romania.svg","iconPng":"https://cdn.freshful.ro/assets/product_tags/made_in_romania.png","backgroundColor":"#EDF2FD","textColor":"#1653CA"}],"isAvailable":true,"maxAvailableQuantity":2,"maxAllowedQuantity":100,"breadcrumbs":[{"code":"2","name":"Carne & pește","slug":"2-carne-si-peste"},{"code":"210","name":"Specialități de pește","slug":"210-specialitati-de-peste"},{"code":"21001","name":"Cârnați din pește","slug":"21001-carnati-din-peste"},{"code":"100036837","name":"Cabanos din păstrăv 100g","slug":"100036837-valeputna-cabanos-din-pastrav-100g"}],"activePromotion":null,"saveMe":null,"labels":[],"geniusPrice":null,"geniusUnitPricePerLabel":null,"banner":null,"discountLabel":null,"geniusDiscountLabel":null,"badge":null},{"code":"100140263","variantCode":"100140263","name":"Chifteluțe din pește 170g","slug":"100140263-pescaria-magic-chiftelute-din-peste-170g","unitPriceLabel":"117,53 Lei/kg","brand":"Pescaria Magic","brandCode":"186","brandFilterCode":"pescaria-magic-b187","sku":"100140263","price":19.98,"originalPrice":null,"currencyCode":"RON","currency":"Lei","image":{"thumbnail":{"default":"https://cdn.freshful.ro/media/cache/sylius_shop_product_thumbnail/a3/4b/54006c55d8aa3ccbc8d372446f88.jpg"},"large":{"default":"https://cdn.freshful.ro/media/cache/freshful_large/a3/4b/54006c55d8aa3ccbc8d372446f88.jpg"},"extralarge":{"default":"https://cdn.freshful.ro/media/cache/sylius_shop_product_original/a3/4b/54006c55d8aa3ccbc8d372446f88.jpg"}},"label":{"text":"Mici producători","backgroundColor":"#7B61FF","textColor":"#FFFFFF"},"tags":[],"isAvailable":true,"maxAvailableQuantity":1,"maxAllowedQuantity":100,"breadcrumbs":[{"code":"2","name":"Carne & pește","slug":"2-carne-si-peste"},{"code":"210","name":"Specialități de pește","slug":"210-specialitati-de-peste"},{"code":"21002","name":"Chiftele cu pește","slug":"21002-chifle-cu-peste"},{"code":"100140263","name":"Chifteluțe din pește 170g","slug":"100140263-pescaria-magic-chiftelute-din-peste-170g"}],"activePromotion":null,"saveMe":null,"labels":[{"type":"v1","items":[{"text":"Mici producători","backgroundColor":"#7B61FF","textColor":"#FFFFFF"}]}],"geniusPrice":null,"geniusUnitPricePerLabel":null,"banner":null,"discountLabel":null,"geniusDiscountLabel":null,"badge":null},{"code":"100110189","variantCode":"100110189","name":"Cârnăciori de somon afumat 250g","slug":"100110189-rafa-carnaciori-de-somon-afumat-250g","unitPriceLabel":"69,92 Lei/kg","brand":"Rafa","brandCode":"507","brandFilterCode":"rafa-b508","sku":"100110189","price":17.48,"originalPrice":null,"currencyCode":"RON","currency":"Lei","image":{"thumbnail":{"default":"https://cdn.freshful.ro/media/cache/sylius_shop_product_thumbnail/f3/aa/4826f78693739b165939f3b8f32f.jpg"},"large":{"default":"https://cdn.freshful.ro/media/cache/freshful_large/f3/aa/4826f78693739b165939f3b8f32f.jpg"},"extralarge":{"default":"https://cdn.freshful.ro/media/cache/sylius_shop_product_original/f3/aa/4826f78693739b165939f3b8f32f.jpg"}},"label":null,"tags":[],"isAvailable":true,"maxAvailableQuantity":23,"maxAllowedQuantity":100,"breadcrumbs":[{"code":"2","name":"Carne & pește","slug":"2-carne-si-peste"},{"code":"210","name":"Specialități de pește","slug":"210-specialitati-de-peste"},{"code":"21001","name":"Cârnați din pește","slug":"21001-carnati-din-peste"},{"code":"100110189","name":"Cârnăciori de somon afumat 250g","slug":"100110189-rafa-carnaciori-de-somon-afumat-250g"}],"activePromotion":null,"saveMe":null,"labels":[],"geniusPrice":null,"geniusUnitPricePerLabel":null,"banner":null,"discountLabel":null,"geniusDiscountLabel":null,"badge":null},{"code":"100140262","variantCode":"100140262","name":"Crenvurști din pește 230g","slug":"100140262-pescaria-magic-crenvursti-din-peste-230g","unitPriceLabel":"57,78 Lei/kg","brand":"Pescaria Magic","brandCode":"186","brandFilterCode":"pescaria-magic-b187","sku":"100140262","price":13.29,"originalPrice":null,"currencyCode":"RON","currency":"Lei","image":{"thumbnail":{"default":"https://cdn.freshful.ro/media/cache/sylius_shop_product_thumbnail/c2/02/bccb2a541aacbaf43309d1fb49e8.jpg"},"large":{"default":"https://cdn.freshful.ro/media/cache/freshful_large/c2/02/bccb2a541aacbaf43309d1fb49e8.jpg"},"extralarge":{"default":"https://cdn.freshful.ro/media/cache/sylius_shop_product_original/c2/02/bccb2a541aacbaf43309d1fb49e8.jpg"}},"label":{"text":"Mici producători","backgroundColor":"#7B61FF","textColor":"#FFFFFF"},"tags":[],"isAvailable":true,"maxAvailableQuantity":40,"maxAllowedQuantity":100,"breadcrumbs":[{"code":"2","name":"Carne & pește","slug":"2-carne-si-peste"},{"code":"210","name":"Specialități de pește","slug":"210-specialitati-de-peste"},{"code":"21001","name":"Cârnați din pește","slug":"21001-carnati-din-peste"},{"code":"100140262","name":"Crenvurști din pește 230g","slug":"100140262-pescaria-magic-crenvursti-din-peste-230g"}],"activePromotion":null,"saveMe":null,"labels":[{"type":"v1","items":[{"text":"Mici producători","backgroundColor":"#7B61FF","textColor":"#FFFFFF"}]}],"geniusPrice":null,"geniusUnitPricePerLabel":null,"banner":null,"discountLabel":null,"geniusDiscountLabel":null,"badge":null},{"code":"100036701","variantCode":"6422497001898","name":"Zacuscă din pește cu ciuperci 300g","slug":"100036701-doripesco-zacusca-din-peste-cu-ciuperci-300g","unitPriceLabel":"64,97 Lei/kg","brand":"Doripesco","brandCode":"175","brandFilterCode":"doripesco-b176","sku":"100036701","price":19.49,"originalPrice":null,"currencyCode":"RON","currency":"Lei","image":{"thumbnail":{"default":"https://cdn.freshful.ro/media/cache/sylius_shop_product_thumbnail/27/69/e2393618c92e4dd31678848a8b1b.jpg"},"large":{"default":"https://cdn.freshful.ro/media/cache/freshful_large/27/69/e2393618c92e4dd31678848a8b1b.jpg"},"extralarge":{"default":"https://cdn.freshful.ro/media/cache/sylius_shop_product_original/27/69/e2393618c92e4dd31678848a8b1b.jpg"}},"label":null,"tags":[{"type":"MadeInRomania","text":"Made In Romania","icon":"https://cdn.freshful.ro/assets/product_tags/made_in_romania.svg","iconPng":"https://cdn.freshful.ro/assets/product_tags/made_in_romania.png","backgroundColor":"#EDF2FD","textColor":"#1653CA"},{"type":"NoPreservatives","text":"Fara conservanti","icon":"https://cdn.freshful.ro/assets/product_tags/fara_conservanti.svg","iconPng":"https://cdn.freshful.ro/assets/product_tags/fara_conservanti.png","backgroundColor":"#F0F2FF","textColor":"#7889DD"}],"isAvailable":true,"maxAvailableQuantity":16,"maxAllowedQuantity":100,"breadcrumbs":[{"code":"2","name":"Carne & pește","slug":"2-carne-si-peste"},{"code":"210","name":"Specialități de pește","slug":"210-specialitati-de-peste"},{"code":"21010","name":"Zacuscă de pește","slug":"zacusca-de-peste"},{"code":"100036701","name":"Zacuscă din pește cu ciuperci 300g","slug":"100036701-doripesco-zacusca-din-peste-cu-ciuperci-300g"}],"activePromotion":null,"saveMe":null,"labels":[],"geniusPrice":null,"geniusUnitPricePerLabel":null,"banner":null,"discountLabel":null,"geniusDiscountLabel":null,"badge":null}]}],"page":0,"limit":0,"pages":0,"count":0,"siblings":[],"children":[],"products":[],"filters":null,"orderBy":[],"metaTitle":"Carne & pește - Gamă variată","metaDescription":"Vrei Carne & pește? Alege dintr-o gamă variată. Comanzi simplu și ai livrare rapidă, calitate și prospețime. Hai pe Freshful.ro","metaKeywords":null,"banners":[]}}