{"type":"category","payload":{"analyticsListId":"category_3-fructe-si-legume","analyticsListName":"Category - Fructe & legume","name":"Fructe & legume","slug":"3-fructe-si-legume","image":null,"breadcrumbs":[{"code":"3","name":"Fructe & legume","slug":"3-fructe-si-legume"}],"slots":[{"analyticsListId":"category-slot_301-fructe-proaspete","analyticsListName":"Category Slot - Fructe proaspete","type":"products_carousel","title":"Fructe proaspete","link":{"title":"Mai multe","count":119,"url":"/c/3-fructe-si-legume/301-fructe-proaspete"},"products":[{"code":"100066179","variantCode":"100066179","name":"Banane minim 700g maxim 1kg","slug":"100066179-no-brand-banane-minim-700g-maxim-1kg","unitPriceLabel":"8,54 Lei/kg","brand":null,"brandCode":null,"brandFilterCode":"no-brand-b83","sku":"100066179","price":7.26,"originalPrice":null,"currencyCode":"RON","currency":"Lei","image":{"thumbnail":{"default":"https://cdn.freshful.ro/media/cache/sylius_shop_product_thumbnail/bb/e2/8aff6c464205ec5c829baff8f8a1.jpg"},"large":{"default":"https://cdn.freshful.ro/media/cache/freshful_large/bb/e2/8aff6c464205ec5c829baff8f8a1.jpg"},"extralarge":{"default":"https://cdn.freshful.ro/media/cache/sylius_shop_product_original/bb/e2/8aff6c464205ec5c829baff8f8a1.jpg"}},"label":null,"tags":[],"isAvailable":true,"maxAvailableQuantity":29,"maxAllowedQuantity":30,"breadcrumbs":[{"code":"3","name":"Fructe & legume","slug":"3-fructe-si-legume"},{"code":"301","name":"Fructe proaspete","slug":"301-fructe-proaspete"},{"code":"30101","name":"Banane","slug":"30101-banane"},{"code":"100066179","name":"Banane minim 700g maxim 1kg","slug":"100066179-no-brand-banane-minim-700g-maxim-1kg"}],"activePromotion":null,"saveMe":null,"labels":[],"geniusPrice":null,"geniusUnitPricePerLabel":null,"banner":null,"discountLabel":null,"geniusDiscountLabel":null,"badge":null},{"code":"100071255","variantCode":"100071255","name":"Avocado 700g","slug":"100071255-no-brand-avocado-700g","unitPriceLabel":"20,65 Lei/kg","brand":null,"brandCode":null,"brandFilterCode":"no-brand-b83","sku":"100071255","price":15.49,"originalPrice":null,"currencyCode":"RON","currency":"Lei","image":{"thumbnail":{"default":"https://cdn.freshful.ro/media/cache/sylius_shop_product_thumbnail/74/a7/e20fd7751dd4a64fa5e779f93226.jpg"},"large":{"default":"https://cdn.freshful.ro/media/cache/freshful_large/74/a7/e20fd7751dd4a64fa5e779f93226.jpg"},"extralarge":{"default":"https://cdn.freshful.ro/media/cache/sylius_shop_product_original/74/a7/e20fd7751dd4a64fa5e779f93226.jpg"}},"label":{"text":"-20% cu Genius","backgroundColor":"#FEF3FA","textColor":"#CD015F"},"tags":[],"isAvailable":true,"maxAvailableQuantity":30,"maxAllowedQuantity":30,"breadcrumbs":[{"code":"3","name":"Fructe & legume","slug":"3-fructe-si-legume"},{"code":"301","name":"Fructe proaspete","slug":"301-fructe-proaspete"},{"code":"30111","name":"Fructe exotice","slug":"30111-fructe-exotice"},{"code":"100071255","name":"Avocado 700g","slug":"100071255-no-brand-avocado-700g"}],"activePromotion":null,"saveMe":null,"labels":[{"type":"gdeals","items":[{"text":"","backgroundColor":"","textColor":""}]},{"type":"v3","items":[{"text":"-20% cu Genius","backgroundColor":"#FEF3FA","textColor":"#CD015F"}]}],"geniusPrice":12.39,"geniusUnitPricePerLabel":"16,52 Lei/kg","banner":null,"discountLabel":null,"geniusDiscountLabel":"Economisești 20%","badge":null},{"code":"100071162","variantCode":"100071162","name":"Lămâi eco 500g","slug":"100071162-no-brand-lamai-eco-500g","unitPriceLabel":"13,28 Lei/kg","brand":null,"brandCode":null,"brandFilterCode":"no-brand-b83","sku":"100071162","price":6.64,"originalPrice":null,"currencyCode":"RON","currency":"Lei","image":{"thumbnail":{"default":"https://cdn.freshful.ro/media/cache/sylius_shop_product_thumbnail/39/ff/2ed3e89ab244c16792828a6c3bff.jpg"},"large":{"default":"https://cdn.freshful.ro/media/cache/freshful_large/39/ff/2ed3e89ab244c16792828a6c3bff.jpg"},"extralarge":{"default":"https://cdn.freshful.ro/media/cache/sylius_shop_product_original/39/ff/2ed3e89ab244c16792828a6c3bff.jpg"}},"label":{"text":"-20% cu Genius","backgroundColor":"#FEF3FA","textColor":"#CD015F"},"tags":[{"type":"Eco","text":"Eco","icon":"https://cdn.freshful.ro/assets/product_tags/eco.svg","iconPng":"https://cdn.freshful.ro/assets/product_tags/eco.png","backgroundColor":"#EFFBE4","textColor":"#66BB1B"}],"isAvailable":true,"maxAvailableQuantity":30,"maxAllowedQuantity":30,"breadcrumbs":[{"code":"3","name":"Fructe & legume","slug":"3-fructe-si-legume"},{"code":"301","name":"Fructe proaspete","slug":"301-fructe-proaspete"},{"code":"30102","name":"Citrice","slug":"30102-citrice"},{"code":"100071162","name":"Lămâi eco 500g","slug":"100071162-no-brand-lamai-eco-500g"}],"activePromotion":null,"saveMe":null,"labels":[{"type":"gdeals","items":[{"text":"","backgroundColor":"","textColor":""}]},{"type":"v3","items":[{"text":"-20% cu Genius","backgroundColor":"#FEF3FA","textColor":"#CD015F"}]}],"geniusPrice":5.31,"geniusUnitPricePerLabel":"10,62 Lei/kg","banner":null,"discountLabel":null,"geniusDiscountLabel":"Economisești 20%","badge":null},{"code":"100071163","variantCode":"100071163","name":"Lămâi netratate 500g","slug":"100071163-no-brand-lamai-netratate-500g","unitPriceLabel":"14,98 Lei/kg","brand":null,"brandCode":null,"brandFilterCode":"no-brand-b83","sku":"100071163","price":7.49,"originalPrice":null,"currencyCode":"RON","currency":"Lei","image":{"thumbnail":{"default":"https://cdn.freshful.ro/media/cache/sylius_shop_product_thumbnail/7e/4b/f3c9e2d2244b0c5c1d281f544bae.jpg"},"large":{"default":"https://cdn.freshful.ro/media/cache/freshful_large/7e/4b/f3c9e2d2244b0c5c1d281f544bae.jpg"},"extralarge":{"default":"https://cdn.freshful.ro/media/cache/sylius_shop_product_original/7e/4b/f3c9e2d2244b0c5c1d281f544bae.jpg"}},"label":null,"tags":[],"isAvailable":true,"maxAvailableQuantity":30,"maxAllowedQuantity":30,"breadcrumbs":[{"code":"3","name":"Fructe & legume","slug":"3-fructe-si-legume"},{"code":"301","name":"Fructe proaspete","slug":"301-fructe-proaspete"},{"code":"30102","name":"Citrice","slug":"30102-citrice"},{"code":"100071163","name":"Lămâi netratate 500g","slug":"100071163-no-brand-lamai-netratate-500g"}],"activePromotion":null,"saveMe":null,"labels":[],"geniusPrice":null,"geniusUnitPricePerLabel":null,"banner":null,"discountLabel":null,"geniusDiscountLabel":null,"badge":null},{"code":"100149637","variantCode":"100149637","name":"Lămâi eco Sicilia 500g","slug":"100149637-no-brand-lamai-eco-sicilia-500g","unitPriceLabel":"13,38 Lei/kg","brand":null,"brandCode":null,"brandFilterCode":"no-brand-b83","sku":"100149637","price":6.69,"originalPrice":null,"currencyCode":"RON","currency":"Lei","image":{"thumbnail":{"default":"https://cdn.freshful.ro/media/cache/sylius_shop_product_thumbnail/8b/ce/d7523f070bbf3229b55b75702753.jpg"},"large":{"default":"https://cdn.freshful.ro/media/cache/freshful_large/8b/ce/d7523f070bbf3229b55b75702753.jpg"},"extralarge":{"default":"https://cdn.freshful.ro/media/cache/sylius_shop_product_original/8b/ce/d7523f070bbf3229b55b75702753.jpg"}},"label":{"text":"Profită acum","backgroundColor":"#FF9903","textColor":"#FFFFFF"},"tags":[{"type":"Eco","text":"Eco","icon":"https://cdn.freshful.ro/assets/product_tags/eco.svg","iconPng":"https://cdn.freshful.ro/assets/product_tags/eco.png","backgroundColor":"#EFFBE4","textColor":"#66BB1B"}],"isAvailable":true,"maxAvailableQuantity":30,"maxAllowedQuantity":30,"breadcrumbs":[{"code":"3","name":"Fructe & legume","slug":"3-fructe-si-legume"},{"code":"301","name":"Fructe proaspete","slug":"301-fructe-proaspete"},{"code":"30102","name":"Citrice","slug":"30102-citrice"},{"code":"100149637","name":"Lămâi eco Sicilia 500g","slug":"100149637-no-brand-lamai-eco-sicilia-500g"}],"activePromotion":{"code":"freshful-top-deals-2023","name":"Preț avantajos","targetQuantity":null},"saveMe":null,"labels":[{"type":"v1","items":[{"text":"Profită acum","backgroundColor":"#FF9903","textColor":"#FFFFFF"}]}],"geniusPrice":null,"geniusUnitPricePerLabel":null,"banner":{"text":"Preț avantajos","textColor":"#F95510","bgColor":"#FEF1CD","icon":null,"link":"https://www.freshful.ro/oferte/freshful-top-deals-2023","type":"promo","analyticsEventType":"select_promotion","analyticsEventPayload":{"promotion_id":"freshful-top-deals-2023","promotion_name":"Profită de Top Deals"}},"discountLabel":null,"geniusDiscountLabel":null,"badge":null},{"code":"100071236","variantCode":"100071236","name":"Pepene Galia 1 buc","slug":"100071236-no-brand-pepene-galia-1-buc","unitPriceLabel":"12,99 Lei/kg","brand":null,"brandCode":null,"brandFilterCode":"no-brand-b83","sku":"100071236","price":12.99,"originalPrice":14.49,"currencyCode":"RON","currency":"Lei","image":{"thumbnail":{"default":"https://cdn.freshful.ro/media/cache/sylius_shop_product_thumbnail/3a/57/68538e8ffd9cc5d6354644abbf79.jpg"},"large":{"default":"https://cdn.freshful.ro/media/cache/freshful_large/3a/57/68538e8ffd9cc5d6354644abbf79.jpg"},"extralarge":{"default":"https://cdn.freshful.ro/media/cache/sylius_shop_product_original/3a/57/68538e8ffd9cc5d6354644abbf79.jpg"}},"label":{"text":"-10%","backgroundColor":"#FF9903","textColor":"#FFFFFF"},"tags":[],"isAvailable":true,"maxAvailableQuantity":1,"maxAllowedQuantity":1,"breadcrumbs":[{"code":"3","name":"Fructe & legume","slug":"3-fructe-si-legume"},{"code":"301","name":"Fructe proaspete","slug":"301-fructe-proaspete"},{"code":"30109","name":"Pepeni","slug":"30109-pepeni"},{"code":"100071236","name":"Pepene Galia 1 buc","slug":"100071236-no-brand-pepene-galia-1-buc"}],"activePromotion":{"code":"bunatatile-saptamanii-cw0923","name":"Preț redus","targetQuantity":null},"saveMe":null,"labels":[{"type":"v1","items":[{"text":"-10%","backgroundColor":"#FF9903","textColor":"#FFFFFF"}]}],"geniusPrice":null,"geniusUnitPricePerLabel":null,"banner":{"text":"Super preț","textColor":"#FF0000","bgColor":"#FFF2EC","icon":null,"link":"https://www.freshful.ro/oferte/bunatatile-saptamanii-cw0923","type":"promo","analyticsEventType":"select_promotion","analyticsEventPayload":{"promotion_id":"bunatatile-saptamanii-cw0923","promotion_name":"Oferta proaspătă a săptămânii"}},"discountLabel":"Economisești 10%","geniusDiscountLabel":null,"badge":null},{"code":"100151520","variantCode":"100151520","name":"Mere Idared 1kg","slug":"100151520-no-brand-mere-idared-1kg","unitPriceLabel":"2,99 Lei/kg","brand":null,"brandCode":null,"brandFilterCode":"no-brand-b83","sku":"100151520","price":2.99,"originalPrice":3.89,"currencyCode":"RON","currency":"Lei","image":{"thumbnail":{"default":"https://cdn.freshful.ro/media/cache/sylius_shop_product_thumbnail/2a/7f/8f1db7c2e0bc7fb1155e73f4314a.jpg"},"large":{"default":"https://cdn.freshful.ro/media/cache/freshful_large/2a/7f/8f1db7c2e0bc7fb1155e73f4314a.jpg"},"extralarge":{"default":"https://cdn.freshful.ro/media/cache/sylius_shop_product_original/2a/7f/8f1db7c2e0bc7fb1155e73f4314a.jpg"}},"label":{"text":"-23%","backgroundColor":"#FF9903","textColor":"#FFFFFF"},"tags":[],"isAvailable":true,"maxAvailableQuantity":30,"maxAllowedQuantity":30,"breadcrumbs":[{"code":"3","name":"Fructe & legume","slug":"3-fructe-si-legume"},{"code":"301","name":"Fructe proaspete","slug":"301-fructe-proaspete"},{"code":"30104","name":"Mere","slug":"30104-mere"},{"code":"100151520","name":"Mere Idared 1kg","slug":"100151520-no-brand-mere-idared-1kg"}],"activePromotion":{"code":"bunatatile-saptamanii-cw0923","name":"Preț redus","targetQuantity":null},"saveMe":null,"labels":[{"type":"v1","items":[{"text":"-23%","backgroundColor":"#FF9903","textColor":"#FFFFFF"}]}],"geniusPrice":null,"geniusUnitPricePerLabel":null,"banner":{"text":"Super preț","textColor":"#FF0000","bgColor":"#FFF2EC","icon":null,"link":"https://www.freshful.ro/oferte/bunatatile-saptamanii-cw0923","type":"promo","analyticsEventType":"select_promotion","analyticsEventPayload":{"promotion_id":"bunatatile-saptamanii-cw0923","promotion_name":"Oferta proaspătă a săptămânii"}},"discountLabel":"Economisești 23%","geniusDiscountLabel":null,"badge":null},{"code":"100071174","variantCode":"100071174","name":"Portocale 1kg","slug":"100071174-no-brand-portocale-1kg","unitPriceLabel":"5,49 Lei/kg","brand":null,"brandCode":null,"brandFilterCode":"no-brand-b83","sku":"100071174","price":5.49,"originalPrice":null,"currencyCode":"RON","currency":"Lei","image":{"thumbnail":{"default":"https://cdn.freshful.ro/media/cache/sylius_shop_product_thumbnail/cc/c8/8f4c31f43aa05206d533c9844be5.jpg"},"large":{"default":"https://cdn.freshful.ro/media/cache/freshful_large/cc/c8/8f4c31f43aa05206d533c9844be5.jpg"},"extralarge":{"default":"https://cdn.freshful.ro/media/cache/sylius_shop_product_original/cc/c8/8f4c31f43aa05206d533c9844be5.jpg"}},"label":null,"tags":[],"isAvailable":true,"maxAvailableQuantity":30,"maxAllowedQuantity":30,"breadcrumbs":[{"code":"3","name":"Fructe & legume","slug":"3-fructe-si-legume"},{"code":"301","name":"Fructe proaspete","slug":"301-fructe-proaspete"},{"code":"30102","name":"Citrice","slug":"30102-citrice"},{"code":"100071174","name":"Portocale 1kg","slug":"100071174-no-brand-portocale-1kg"}],"activePromotion":null,"saveMe":null,"labels":[],"geniusPrice":null,"geniusUnitPricePerLabel":null,"banner":null,"discountLabel":null,"geniusDiscountLabel":null,"badge":null},{"code":"100071218","variantCode":"100071218","name":"Căpșune 250g","slug":"100071218-no-brand-capsune-250g","unitPriceLabel":"39,96 Lei/kg","brand":null,"brandCode":null,"brandFilterCode":"no-brand-b83","sku":"100071218","price":9.99,"originalPrice":null,"currencyCode":"RON","currency":"Lei","image":{"thumbnail":{"default":"https://cdn.freshful.ro/media/cache/sylius_shop_product_thumbnail/4f/fd/9a0c35ced91c5bf568c30c740f96.jpg"},"large":{"default":"https://cdn.freshful.ro/media/cache/freshful_large/4f/fd/9a0c35ced91c5bf568c30c740f96.jpg"},"extralarge":{"default":"https://cdn.freshful.ro/media/cache/sylius_shop_product_original/4f/fd/9a0c35ced91c5bf568c30c740f96.jpg"}},"label":null,"tags":[],"isAvailable":true,"maxAvailableQuantity":30,"maxAllowedQuantity":30,"breadcrumbs":[{"code":"3","name":"Fructe & legume","slug":"3-fructe-si-legume"},{"code":"301","name":"Fructe proaspete","slug":"301-fructe-proaspete"},{"code":"30107","name":"Fructe de pădure","slug":"30107-fructe-de-padure"},{"code":"100071218","name":"Căpșune 250g","slug":"100071218-no-brand-capsune-250g"}],"activePromotion":null,"saveMe":null,"labels":[],"geniusPrice":null,"geniusUnitPricePerLabel":null,"banner":null,"discountLabel":null,"geniusDiscountLabel":null,"badge":null},{"code":"100071256","variantCode":"100071256","name":"Avocado eco 1 buc","slug":"100071256-no-brand-avocado-eco-1-buc","unitPriceLabel":"41,61 Lei/kg","brand":null,"brandCode":null,"brandFilterCode":"no-brand-b83","sku":"100071256","price":7.49,"originalPrice":null,"currencyCode":"RON","currency":"Lei","image":{"thumbnail":{"default":"https://cdn.freshful.ro/media/cache/sylius_shop_product_thumbnail/64/70/e82af99f8124568776386cf9bd80.jpg"},"large":{"default":"https://cdn.freshful.ro/media/cache/freshful_large/64/70/e82af99f8124568776386cf9bd80.jpg"},"extralarge":{"default":"https://cdn.freshful.ro/media/cache/sylius_shop_product_original/64/70/e82af99f8124568776386cf9bd80.jpg"}},"label":null,"tags":[{"type":"Eco","text":"Eco","icon":"https://cdn.freshful.ro/assets/product_tags/eco.svg","iconPng":"https://cdn.freshful.ro/assets/product_tags/eco.png","backgroundColor":"#EFFBE4","textColor":"#66BB1B"}],"isAvailable":true,"maxAvailableQuantity":30,"maxAllowedQuantity":30,"breadcrumbs":[{"code":"3","name":"Fructe & legume","slug":"3-fructe-si-legume"},{"code":"301","name":"Fructe proaspete","slug":"301-fructe-proaspete"},{"code":"30111","name":"Fructe exotice","slug":"30111-fructe-exotice"},{"code":"100071256","name":"Avocado eco 1 buc","slug":"100071256-no-brand-avocado-eco-1-buc"}],"activePromotion":null,"saveMe":null,"labels":[],"geniusPrice":null,"geniusUnitPricePerLabel":null,"banner":null,"discountLabel":null,"geniusDiscountLabel":null,"badge":null}]},{"analyticsListId":"category-slot_302-legume-proaspete","analyticsListName":"Category Slot - Legume proaspete","type":"products_carousel","title":"Legume proaspete","link":{"title":"Mai multe","count":137,"url":"/c/3-fructe-si-legume/302-legume-proaspete"},"products":[{"code":"100066142","variantCode":"100066142","name":"Roșii cherry 500g","slug":"100066142-no-brand-rosii-cherry-500g","unitPriceLabel":"17,98 Lei/kg","brand":null,"brandCode":null,"brandFilterCode":"no-brand-b83","sku":"100066142","price":8.99,"originalPrice":null,"currencyCode":"RON","currency":"Lei","image":{"thumbnail":{"default":"https://cdn.freshful.ro/media/cache/sylius_shop_product_thumbnail/43/3a/69bddbe45cbfbf69f242070a29da.jpg"},"large":{"default":"https://cdn.freshful.ro/media/cache/freshful_large/43/3a/69bddbe45cbfbf69f242070a29da.jpg"},"extralarge":{"default":"https://cdn.freshful.ro/media/cache/sylius_shop_product_original/43/3a/69bddbe45cbfbf69f242070a29da.jpg"}},"label":null,"tags":[],"isAvailable":true,"maxAvailableQuantity":100,"maxAllowedQuantity":100,"breadcrumbs":[{"code":"3","name":"Fructe & legume","slug":"3-fructe-si-legume"},{"code":"302","name":"Legume proaspete","slug":"302-legume-proaspete"},{"code":"30206","name":"Roșii","slug":"30206-rosii"},{"code":"100066142","name":"Roșii cherry 500g","slug":"100066142-no-brand-rosii-cherry-500g"}],"activePromotion":null,"saveMe":null,"labels":[],"geniusPrice":null,"geniusUnitPricePerLabel":null,"banner":null,"discountLabel":null,"geniusDiscountLabel":null,"badge":null},{"code":"100071335","variantCode":"100071335","name":"Pătrunjel rădăcină România 500g","slug":"100071335-no-brand-patrunjel-radacina-romania-500g","unitPriceLabel":"9,98 Lei/kg","brand":null,"brandCode":null,"brandFilterCode":"no-brand-b83","sku":"100071335","price":4.99,"originalPrice":7.99,"currencyCode":"RON","currency":"Lei","image":{"thumbnail":{"default":"https://cdn.freshful.ro/media/cache/sylius_shop_product_thumbnail/ab/79/de85fe8d665c885629e2ccaced34.jpg"},"large":{"default":"https://cdn.freshful.ro/media/cache/freshful_large/ab/79/de85fe8d665c885629e2ccaced34.jpg"},"extralarge":{"default":"https://cdn.freshful.ro/media/cache/sylius_shop_product_original/ab/79/de85fe8d665c885629e2ccaced34.jpg"}},"label":{"text":"-37%","backgroundColor":"#FF9903","textColor":"#FFFFFF"},"tags":[{"type":"MadeInRomania","text":"Made In Romania","icon":"https://cdn.freshful.ro/assets/product_tags/made_in_romania.svg","iconPng":"https://cdn.freshful.ro/assets/product_tags/made_in_romania.png","backgroundColor":"#EDF2FD","textColor":"#1653CA"}],"isAvailable":true,"maxAvailableQuantity":100,"maxAllowedQuantity":100,"breadcrumbs":[{"code":"3","name":"Fructe & legume","slug":"3-fructe-si-legume"},{"code":"302","name":"Legume proaspete","slug":"302-legume-proaspete"},{"code":"30205","name":"Rădăcinoase","slug":"30205-radacinoase"},{"code":"100071335","name":"Pătrunjel rădăcină România 500g","slug":"100071335-no-brand-patrunjel-radacina-romania-500g"}],"activePromotion":{"code":"bunatatile-saptamanii-cw0923","name":"Preț redus","targetQuantity":null},"saveMe":null,"labels":[{"type":"v1","items":[{"text":"-37%","backgroundColor":"#FF9903","textColor":"#FFFFFF"}]}],"geniusPrice":null,"geniusUnitPricePerLabel":null,"banner":{"text":"Super preț","textColor":"#FF0000","bgColor":"#FFF2EC","icon":null,"link":"https://www.freshful.ro/oferte/bunatatile-saptamanii-cw0923","type":"promo","analyticsEventType":"select_promotion","analyticsEventPayload":{"promotion_id":"bunatatile-saptamanii-cw0923","promotion_name":"Oferta proaspătă a săptămânii"}},"discountLabel":"Economisești 37%","geniusDiscountLabel":null,"badge":null},{"code":"100071319","variantCode":"100071319","name":"Castravete Fabio 1 buc","slug":"100071319-no-brand-castravete-fabio-1-buc","unitPriceLabel":"6,64 Lei/buc","brand":null,"brandCode":null,"brandFilterCode":"no-brand-b83","sku":"100071319","price":6.64,"originalPrice":null,"currencyCode":"RON","currency":"Lei","image":{"thumbnail":{"default":"https://cdn.freshful.ro/media/cache/sylius_shop_product_thumbnail/05/07/f9fe6175d9590e7bdf579f3bb1b7.jpg"},"large":{"default":"https://cdn.freshful.ro/media/cache/freshful_large/05/07/f9fe6175d9590e7bdf579f3bb1b7.jpg"},"extralarge":{"default":"https://cdn.freshful.ro/media/cache/sylius_shop_product_original/05/07/f9fe6175d9590e7bdf579f3bb1b7.jpg"}},"label":null,"tags":[],"isAvailable":true,"maxAvailableQuantity":100,"maxAllowedQuantity":100,"breadcrumbs":[{"code":"3","name":"Fructe & legume","slug":"3-fructe-si-legume"},{"code":"302","name":"Legume proaspete","slug":"302-legume-proaspete"},{"code":"30204","name":"Dovlecei, castraveți și vinete","slug":"30204-dovlecei-castraveti-si-vinete"},{"code":"100071319","name":"Castravete Fabio 1 buc","slug":"100071319-no-brand-castravete-fabio-1-buc"}],"activePromotion":null,"saveMe":null,"labels":[],"geniusPrice":null,"geniusUnitPricePerLabel":null,"banner":null,"discountLabel":null,"geniusDiscountLabel":null,"badge":null},{"code":"100148193","variantCode":"100148193","name":"Ridichi roșii eco România 150g","slug":"100148193-no-brand-ridichi-rosii-eco-romania-150g","unitPriceLabel":"28,6 Lei/kg","brand":null,"brandCode":null,"brandFilterCode":"no-brand-b83","sku":"100148193","price":4.29,"originalPrice":5.29,"currencyCode":"RON","currency":"Lei","image":{"thumbnail":{"default":"https://cdn.freshful.ro/media/cache/sylius_shop_product_thumbnail/bb/a9/4ca515808b2e53765f306171ff92.jpg"},"large":{"default":"https://cdn.freshful.ro/media/cache/freshful_large/bb/a9/4ca515808b2e53765f306171ff92.jpg"},"extralarge":{"default":"https://cdn.freshful.ro/media/cache/sylius_shop_product_original/bb/a9/4ca515808b2e53765f306171ff92.jpg"}},"label":{"text":"-18%","backgroundColor":"#FF9903","textColor":"#FFFFFF"},"tags":[{"type":"MadeInRomania","text":"Made In Romania","icon":"https://cdn.freshful.ro/assets/product_tags/made_in_romania.svg","iconPng":"https://cdn.freshful.ro/assets/product_tags/made_in_romania.png","backgroundColor":"#EDF2FD","textColor":"#1653CA"},{"type":"Eco","text":"Eco","icon":"https://cdn.freshful.ro/assets/product_tags/eco.svg","iconPng":"https://cdn.freshful.ro/assets/product_tags/eco.png","backgroundColor":"#EFFBE4","textColor":"#66BB1B"}],"isAvailable":true,"maxAvailableQuantity":100,"maxAllowedQuantity":100,"breadcrumbs":[{"code":"3","name":"Fructe & legume","slug":"3-fructe-si-legume"},{"code":"302","name":"Legume proaspete","slug":"302-legume-proaspete"},{"code":"30205","name":"Rădăcinoase","slug":"30205-radacinoase"},{"code":"100148193","name":"Ridichi roșii eco România 150g","slug":"100148193-no-brand-ridichi-rosii-eco-romania-150g"}],"activePromotion":{"code":"bunatatile-saptamanii-cw0923","name":"Preț redus","targetQuantity":null},"saveMe":null,"labels":[{"type":"v1","items":[{"text":"-18%","backgroundColor":"#FF9903","textColor":"#FFFFFF"}]}],"geniusPrice":null,"geniusUnitPricePerLabel":null,"banner":{"text":"Super preț","textColor":"#FF0000","bgColor":"#FFF2EC","icon":null,"link":"https://www.freshful.ro/oferte/bunatatile-saptamanii-cw0923","type":"promo","analyticsEventType":"select_promotion","analyticsEventPayload":{"promotion_id":"bunatatile-saptamanii-cw0923","promotion_name":"Oferta proaspătă a săptămânii"}},"discountLabel":"Economisești 18%","geniusDiscountLabel":null,"badge":null},{"code":"100147005","variantCode":"100147005","name":"Ardei Bianca 1 buc","slug":"100147005-no-brand-ardei-bianca-1-buc","unitPriceLabel":"13,27 Lei/kg","brand":null,"brandCode":null,"brandFilterCode":"no-brand-b83","sku":"100147005","price":1.99,"originalPrice":2.49,"currencyCode":"RON","currency":"Lei","image":{"thumbnail":{"default":"https://cdn.freshful.ro/media/cache/sylius_shop_product_thumbnail/d8/3d/ce51a011a7abe0271c5001e26c73.jpg"},"large":{"default":"https://cdn.freshful.ro/media/cache/freshful_large/d8/3d/ce51a011a7abe0271c5001e26c73.jpg"},"extralarge":{"default":"https://cdn.freshful.ro/media/cache/sylius_shop_product_original/d8/3d/ce51a011a7abe0271c5001e26c73.jpg"}},"label":{"text":"-20%","backgroundColor":"#FF9903","textColor":"#FFFFFF"},"tags":[],"isAvailable":true,"maxAvailableQuantity":100,"maxAllowedQuantity":100,"breadcrumbs":[{"code":"3","name":"Fructe & legume","slug":"3-fructe-si-legume"},{"code":"302","name":"Legume proaspete","slug":"302-legume-proaspete"},{"code":"30201","name":"Ardei","slug":"30201-ardei"},{"code":"100147005","name":"Ardei Bianca 1 buc","slug":"100147005-no-brand-ardei-bianca-1-buc"}],"activePromotion":{"code":"bunatatile-saptamanii-cw0923","name":"Preț redus","targetQuantity":null},"saveMe":null,"labels":[{"type":"v1","items":[{"text":"-20%","backgroundColor":"#FF9903","textColor":"#FFFFFF"}]}],"geniusPrice":null,"geniusUnitPricePerLabel":null,"banner":{"text":"Super preț","textColor":"#FF0000","bgColor":"#FFF2EC","icon":null,"link":"https://www.freshful.ro/oferte/bunatatile-saptamanii-cw0923","type":"promo","analyticsEventType":"select_promotion","analyticsEventPayload":{"promotion_id":"bunatatile-saptamanii-cw0923","promotion_name":"Oferta proaspătă a săptămânii"}},"discountLabel":"Economisești 20%","geniusDiscountLabel":null,"badge":null},{"code":"100138690","variantCode":"100138690","name":"Morcovi 1 kg","slug":"100138690-no-brand-morcovi-1-kg","unitPriceLabel":"3,69 Lei/kg","brand":null,"brandCode":null,"brandFilterCode":"no-brand-b83","sku":"100138690","price":3.69,"originalPrice":null,"currencyCode":"RON","currency":"Lei","image":{"thumbnail":{"default":"https://cdn.freshful.ro/media/cache/sylius_shop_product_thumbnail/d4/fb/820e7d202aa44e558f4d9202b5c5.jpg"},"large":{"default":"https://cdn.freshful.ro/media/cache/freshful_large/d4/fb/820e7d202aa44e558f4d9202b5c5.jpg"},"extralarge":{"default":"https://cdn.freshful.ro/media/cache/sylius_shop_product_original/d4/fb/820e7d202aa44e558f4d9202b5c5.jpg"}},"label":null,"tags":[],"isAvailable":true,"maxAvailableQuantity":100,"maxAllowedQuantity":100,"breadcrumbs":[{"code":"3","name":"Fructe & legume","slug":"3-fructe-si-legume"},{"code":"302","name":"Legume proaspete","slug":"302-legume-proaspete"},{"code":"30205","name":"Rădăcinoase","slug":"30205-radacinoase"},{"code":"100138690","name":"Morcovi 1 kg","slug":"100138690-no-brand-morcovi-1-kg"}],"activePromotion":null,"saveMe":null,"labels":[],"geniusPrice":null,"geniusUnitPricePerLabel":null,"banner":null,"discountLabel":null,"geniusDiscountLabel":null,"badge":null},{"code":"100141011","variantCode":"100141011","name":"Cartofi albi România 1kg","slug":"100141011-no-brand-cartofi-albi-romania-1kg","unitPriceLabel":"4,75 Lei/kg","brand":null,"brandCode":null,"brandFilterCode":"no-brand-b83","sku":"100141011","price":4.75,"originalPrice":null,"currencyCode":"RON","currency":"Lei","image":{"thumbnail":{"default":"https://cdn.freshful.ro/media/cache/sylius_shop_product_thumbnail/33/a4/21f44d9283d74abe9d0cb4815ac4.jpg"},"large":{"default":"https://cdn.freshful.ro/media/cache/freshful_large/33/a4/21f44d9283d74abe9d0cb4815ac4.jpg"},"extralarge":{"default":"https://cdn.freshful.ro/media/cache/sylius_shop_product_original/33/a4/21f44d9283d74abe9d0cb4815ac4.jpg"}},"label":null,"tags":[{"type":"MadeInRomania","text":"Made In Romania","icon":"https://cdn.freshful.ro/assets/product_tags/made_in_romania.svg","iconPng":"https://cdn.freshful.ro/assets/product_tags/made_in_romania.png","backgroundColor":"#EDF2FD","textColor":"#1653CA"}],"isAvailable":true,"maxAvailableQuantity":100,"maxAllowedQuantity":100,"breadcrumbs":[{"code":"3","name":"Fructe & legume","slug":"3-fructe-si-legume"},{"code":"302","name":"Legume proaspete","slug":"302-legume-proaspete"},{"code":"30202","name":"Cartofi","slug":"30202-cartofi"},{"code":"100141011","name":"Cartofi albi România 1kg","slug":"100141011-no-brand-cartofi-albi-romania-1kg"}],"activePromotion":null,"saveMe":null,"labels":[],"geniusPrice":null,"geniusUnitPricePerLabel":null,"banner":null,"discountLabel":null,"geniusDiscountLabel":null,"badge":null},{"code":"100132994","variantCode":"100132994","name":"Ridichi roșii eco România 150g","slug":"100132994-roua-organic-ridichi-rosii-eco-romania-150g","unitPriceLabel":"28,6 Lei/kg","brand":"Roua Organic","brandCode":"1830","brandFilterCode":"roua-organic-b1834","sku":"100132994","price":4.29,"originalPrice":5.29,"currencyCode":"RON","currency":"Lei","image":{"thumbnail":{"default":"https://cdn.freshful.ro/media/cache/sylius_shop_product_thumbnail/8f/48/6dcbf999ee1d527acabfab9eb5d2.jpg"},"large":{"default":"https://cdn.freshful.ro/media/cache/freshful_large/8f/48/6dcbf999ee1d527acabfab9eb5d2.jpg"},"extralarge":{"default":"https://cdn.freshful.ro/media/cache/sylius_shop_product_original/8f/48/6dcbf999ee1d527acabfab9eb5d2.jpg"}},"label":{"text":"-18%","backgroundColor":"#FF9903","textColor":"#FFFFFF"},"tags":[{"type":"Eco","text":"Eco","icon":"https://cdn.freshful.ro/assets/product_tags/eco.svg","iconPng":"https://cdn.freshful.ro/assets/product_tags/eco.png","backgroundColor":"#EFFBE4","textColor":"#66BB1B"},{"type":"MadeInRomania","text":"Made In Romania","icon":"https://cdn.freshful.ro/assets/product_tags/made_in_romania.svg","iconPng":"https://cdn.freshful.ro/assets/product_tags/made_in_romania.png","backgroundColor":"#EDF2FD","textColor":"#1653CA"}],"isAvailable":true,"maxAvailableQuantity":100,"maxAllowedQuantity":100,"breadcrumbs":[{"code":"3","name":"Fructe & legume","slug":"3-fructe-si-legume"},{"code":"302","name":"Legume proaspete","slug":"302-legume-proaspete"},{"code":"30205","name":"Rădăcinoase","slug":"30205-radacinoase"},{"code":"100132994","name":"Ridichi roșii eco România 150g","slug":"100132994-roua-organic-ridichi-rosii-eco-romania-150g"}],"activePromotion":{"code":"bunatatile-saptamanii-cw0923","name":"Preț redus","targetQuantity":null},"saveMe":null,"labels":[{"type":"v1","items":[{"text":"-18%","backgroundColor":"#FF9903","textColor":"#FFFFFF"}]}],"geniusPrice":null,"geniusUnitPricePerLabel":null,"banner":{"text":"Super preț","textColor":"#FF0000","bgColor":"#FFF2EC","icon":null,"link":"https://www.freshful.ro/oferte/bunatatile-saptamanii-cw0923","type":"promo","analyticsEventType":"select_promotion","analyticsEventPayload":{"promotion_id":"bunatatile-saptamanii-cw0923","promotion_name":"Oferta proaspătă a săptămânii"}},"discountLabel":"Economisești 18%","geniusDiscountLabel":null,"badge":null},{"code":"100071296","variantCode":"100071296","name":"Cartofi albi noi 1kg","slug":"100071296-no-brand-cartofi-albi-noi-1kg","unitPriceLabel":"4,49 Lei/kg","brand":null,"brandCode":null,"brandFilterCode":"no-brand-b83","sku":"100071296","price":4.49,"originalPrice":5.99,"currencyCode":"RON","currency":"Lei","image":{"thumbnail":{"default":"https://cdn.freshful.ro/media/cache/sylius_shop_product_thumbnail/7b/66/dc9605a76c91efa889d37e611621.jpg"},"large":{"default":"https://cdn.freshful.ro/media/cache/freshful_large/7b/66/dc9605a76c91efa889d37e611621.jpg"},"extralarge":{"default":"https://cdn.freshful.ro/media/cache/sylius_shop_product_original/7b/66/dc9605a76c91efa889d37e611621.jpg"}},"label":{"text":"-25%","backgroundColor":"#FF9903","textColor":"#FFFFFF"},"tags":[],"isAvailable":true,"maxAvailableQuantity":100,"maxAllowedQuantity":100,"breadcrumbs":[{"code":"3","name":"Fructe & legume","slug":"3-fructe-si-legume"},{"code":"302","name":"Legume proaspete","slug":"302-legume-proaspete"},{"code":"30202","name":"Cartofi","slug":"30202-cartofi"},{"code":"100071296","name":"Cartofi albi noi 1kg","slug":"100071296-no-brand-cartofi-albi-noi-1kg"}],"activePromotion":{"code":"bunatatile-saptamanii-cw0923","name":"Preț redus","targetQuantity":null},"saveMe":null,"labels":[{"type":"v1","items":[{"text":"-25%","backgroundColor":"#FF9903","textColor":"#FFFFFF"}]}],"geniusPrice":null,"geniusUnitPricePerLabel":null,"banner":{"text":"Super preț","textColor":"#FF0000","bgColor":"#FFF2EC","icon":null,"link":"https://www.freshful.ro/oferte/bunatatile-saptamanii-cw0923","type":"promo","analyticsEventType":"select_promotion","analyticsEventPayload":{"promotion_id":"bunatatile-saptamanii-cw0923","promotion_name":"Oferta proaspătă a săptămânii"}},"discountLabel":"Economisești 25%","geniusDiscountLabel":null,"badge":null},{"code":"100066143","variantCode":"100066143","name":"Roșii cherry 250g","slug":"100066143-no-brand-rosii-cherry-250g","unitPriceLabel":"21,96 Lei/kg","brand":null,"brandCode":null,"brandFilterCode":"no-brand-b83","sku":"100066143","price":5.49,"originalPrice":null,"currencyCode":"RON","currency":"Lei","image":{"thumbnail":{"default":"https://cdn.freshful.ro/media/cache/sylius_shop_product_thumbnail/10/01/f9b2649bef5924d3e2c150e3626c.jpg"},"large":{"default":"https://cdn.freshful.ro/media/cache/freshful_large/10/01/f9b2649bef5924d3e2c150e3626c.jpg"},"extralarge":{"default":"https://cdn.freshful.ro/media/cache/sylius_shop_product_original/10/01/f9b2649bef5924d3e2c150e3626c.jpg"}},"label":null,"tags":[],"isAvailable":true,"maxAvailableQuantity":100,"maxAllowedQuantity":100,"breadcrumbs":[{"code":"3","name":"Fructe & legume","slug":"3-fructe-si-legume"},{"code":"302","name":"Legume proaspete","slug":"302-legume-proaspete"},{"code":"30206","name":"Roșii","slug":"30206-rosii"},{"code":"100066143","name":"Roșii cherry 250g","slug":"100066143-no-brand-rosii-cherry-250g"}],"activePromotion":null,"saveMe":null,"labels":[],"geniusPrice":null,"geniusUnitPricePerLabel":null,"banner":null,"discountLabel":null,"geniusDiscountLabel":null,"badge":null}]},{"analyticsListId":"category-slot_303-verdeturi-si-plante-aromatice","analyticsListName":"Category Slot - Verdețuri și ierburi aromatice","type":"products_carousel","title":"Verdețuri și ierburi aromatice","link":{"title":"Mai multe","count":56,"url":"/c/3-fructe-si-legume/303-verdeturi-si-plante-aromatice"},"products":[{"code":"100071428","variantCode":"100071428","name":"Pătrunjel proaspăt cules 1 legătură","slug":"100071428-no-brand-patrunjel-proaspat-cules-1-legatura","unitPriceLabel":"","brand":null,"brandCode":null,"brandFilterCode":"no-brand-b83","sku":"100071428","price":1.29,"originalPrice":null,"currencyCode":"RON","currency":"Lei","image":{"thumbnail":{"default":"https://cdn.freshful.ro/media/cache/sylius_shop_product_thumbnail/f6/34/e420e70ab92011c9e2b423d4fb01.jpg"},"large":{"default":"https://cdn.freshful.ro/media/cache/freshful_large/f6/34/e420e70ab92011c9e2b423d4fb01.jpg"},"extralarge":{"default":"https://cdn.freshful.ro/media/cache/sylius_shop_product_original/f6/34/e420e70ab92011c9e2b423d4fb01.jpg"}},"label":{"text":"Proaspăt cules","backgroundColor":"#4CC464","textColor":"#FFFFFF"},"tags":[{"type":"MadeInRomania","text":"Made In Romania","icon":"https://cdn.freshful.ro/assets/product_tags/made_in_romania.svg","iconPng":"https://cdn.freshful.ro/assets/product_tags/made_in_romania.png","backgroundColor":"#EDF2FD","textColor":"#1653CA"}],"isAvailable":true,"maxAvailableQuantity":100,"maxAllowedQuantity":100,"breadcrumbs":[{"code":"3","name":"Fructe & legume","slug":"3-fructe-si-legume"},{"code":"303","name":"Verdețuri și ierburi aromatice","slug":"303-verdeturi-si-plante-aromatice"},{"code":"30303","name":"Verdețuri","slug":"30303-verdeturi"},{"code":"100071428","name":"Pătrunjel proaspăt cules 1 legătură","slug":"100071428-no-brand-patrunjel-proaspat-cules-1-legatura"}],"activePromotion":null,"saveMe":null,"labels":[{"type":"v1","items":[{"text":"Proaspăt cules","backgroundColor":"#4CC464","textColor":"#FFFFFF"}]}],"geniusPrice":null,"geniusUnitPricePerLabel":null,"banner":null,"discountLabel":null,"geniusDiscountLabel":null,"badge":null},{"code":"100071434","variantCode":"100071434","name":"Ceapă verde, proaspăt culeasă 1 buc","slug":"100071434-no-brand-ceapa-verde-proaspat-culeasa-1-buc","unitPriceLabel":"1,89 Lei/buc","brand":null,"brandCode":null,"brandFilterCode":"no-brand-b83","sku":"100071434","price":1.89,"originalPrice":null,"currencyCode":"RON","currency":"Lei","image":{"thumbnail":{"default":"https://cdn.freshful.ro/media/cache/sylius_shop_product_thumbnail/ef/f2/50da638ee3c8301992e0b20f912e.jpg"},"large":{"default":"https://cdn.freshful.ro/media/cache/freshful_large/ef/f2/50da638ee3c8301992e0b20f912e.jpg"},"extralarge":{"default":"https://cdn.freshful.ro/media/cache/sylius_shop_product_original/ef/f2/50da638ee3c8301992e0b20f912e.jpg"}},"label":{"text":"Proaspăt cules","backgroundColor":"#4CC464","textColor":"#FFFFFF"},"tags":[{"type":"MadeInRomania","text":"Made In Romania","icon":"https://cdn.freshful.ro/assets/product_tags/made_in_romania.svg","iconPng":"https://cdn.freshful.ro/assets/product_tags/made_in_romania.png","backgroundColor":"#EDF2FD","textColor":"#1653CA"}],"isAvailable":true,"maxAvailableQuantity":100,"maxAllowedQuantity":100,"breadcrumbs":[{"code":"3","name":"Fructe & legume","slug":"3-fructe-si-legume"},{"code":"303","name":"Verdețuri și ierburi aromatice","slug":"303-verdeturi-si-plante-aromatice"},{"code":"30303","name":"Verdețuri","slug":"30303-verdeturi"},{"code":"100071434","name":"Ceapă verde, proaspăt culeasă 1 buc","slug":"100071434-no-brand-ceapa-verde-proaspat-culeasa-1-buc"}],"activePromotion":null,"saveMe":null,"labels":[{"type":"v1","items":[{"text":"Proaspăt cules","backgroundColor":"#4CC464","textColor":"#FFFFFF"}]}],"geniusPrice":null,"geniusUnitPricePerLabel":null,"banner":null,"discountLabel":null,"geniusDiscountLabel":null,"badge":null},{"code":"100046493","variantCode":"5941218004181","name":"Salată țărănească 180g","slug":"100046493-eisberg-salata-taraneasca-180g","unitPriceLabel":"33,28 Lei/kg","brand":"Eisberg","brandCode":"232","brandFilterCode":"eisberg-b233","sku":"100046493","price":5.99,"originalPrice":7.69,"currencyCode":"RON","currency":"Lei","image":{"thumbnail":{"default":"https://cdn.freshful.ro/media/cache/sylius_shop_product_thumbnail/40/36/09eb714145f6659ff14340dd28fa.jpg"},"large":{"default":"https://cdn.freshful.ro/media/cache/freshful_large/40/36/09eb714145f6659ff14340dd28fa.jpg"},"extralarge":{"default":"https://cdn.freshful.ro/media/cache/sylius_shop_product_original/40/36/09eb714145f6659ff14340dd28fa.jpg"}},"label":{"text":"-22%","backgroundColor":"#FF9903","textColor":"#FFFFFF"},"tags":[],"isAvailable":true,"maxAvailableQuantity":47,"maxAllowedQuantity":100,"breadcrumbs":[{"code":"3","name":"Fructe & legume","slug":"3-fructe-si-legume"},{"code":"303","name":"Verdețuri și ierburi aromatice","slug":"303-verdeturi-si-plante-aromatice"},{"code":"30301","name":"Salate","slug":"30301-salate"},{"code":"100046493","name":"Salată țărănească 180g","slug":"100046493-eisberg-salata-taraneasca-180g"}],"activePromotion":{"code":"bunatatile-saptamanii-cw0923","name":"Preț redus","targetQuantity":null},"saveMe":null,"labels":[{"type":"v1","items":[{"text":"-22%","backgroundColor":"#FF9903","textColor":"#FFFFFF"}]}],"geniusPrice":null,"geniusUnitPricePerLabel":null,"banner":{"text":"Super preț","textColor":"#FF0000","bgColor":"#FFF2EC","icon":null,"link":"https://www.freshful.ro/oferte/bunatatile-saptamanii-cw0923","type":"promo","analyticsEventType":"select_promotion","analyticsEventPayload":{"promotion_id":"bunatatile-saptamanii-cw0923","promotion_name":"Oferta proaspătă a săptămânii"}},"discountLabel":"Economisești 22%","geniusDiscountLabel":null,"badge":null},{"code":"100071421","variantCode":"100071421","name":"Salată verde, proaspăt culeasă 1 buc","slug":"100071421-no-brand-salata-verde-proaspat-culeasa-1-buc","unitPriceLabel":"","brand":null,"brandCode":null,"brandFilterCode":"no-brand-b83","sku":"100071421","price":3.41,"originalPrice":null,"currencyCode":"RON","currency":"Lei","image":{"thumbnail":{"default":"https://cdn.freshful.ro/media/cache/sylius_shop_product_thumbnail/41/c4/773d8683abd843f0ef78db5ac79a.jpg"},"large":{"default":"https://cdn.freshful.ro/media/cache/freshful_large/41/c4/773d8683abd843f0ef78db5ac79a.jpg"},"extralarge":{"default":"https://cdn.freshful.ro/media/cache/sylius_shop_product_original/41/c4/773d8683abd843f0ef78db5ac79a.jpg"}},"label":{"text":"Proaspăt cules","backgroundColor":"#4CC464","textColor":"#FFFFFF"},"tags":[{"type":"MadeInRomania","text":"Made In Romania","icon":"https://cdn.freshful.ro/assets/product_tags/made_in_romania.svg","iconPng":"https://cdn.freshful.ro/assets/product_tags/made_in_romania.png","backgroundColor":"#EDF2FD","textColor":"#1653CA"}],"isAvailable":true,"maxAvailableQuantity":100,"maxAllowedQuantity":100,"breadcrumbs":[{"code":"3","name":"Fructe & legume","slug":"3-fructe-si-legume"},{"code":"303","name":"Verdețuri și ierburi aromatice","slug":"303-verdeturi-si-plante-aromatice"},{"code":"30301","name":"Salate","slug":"30301-salate"},{"code":"100071421","name":"Salată verde, proaspăt culeasă 1 buc","slug":"100071421-no-brand-salata-verde-proaspat-culeasa-1-buc"}],"activePromotion":null,"saveMe":null,"labels":[{"type":"v1","items":[{"text":"Proaspăt cules","backgroundColor":"#4CC464","textColor":"#FFFFFF"}]}],"geniusPrice":null,"geniusUnitPricePerLabel":null,"banner":null,"discountLabel":null,"geniusDiscountLabel":null,"badge":null},{"code":"100110316","variantCode":"100110316","name":"Salată verde eco România","slug":"100110316-roua-organic-salata-verde-eco-romania","unitPriceLabel":"","brand":"Roua Organic","brandCode":"1830","brandFilterCode":"roua-organic-b1834","sku":"100110316","price":4.99,"originalPrice":null,"currencyCode":"RON","currency":"Lei","image":{"thumbnail":{"default":"https://cdn.freshful.ro/media/cache/sylius_shop_product_thumbnail/30/fa/1e6f33b0bc3efae90d733cd0959e.jpg"},"large":{"default":"https://cdn.freshful.ro/media/cache/freshful_large/30/fa/1e6f33b0bc3efae90d733cd0959e.jpg"},"extralarge":{"default":"https://cdn.freshful.ro/media/cache/sylius_shop_product_original/30/fa/1e6f33b0bc3efae90d733cd0959e.jpg"}},"label":{"text":"Mici producători","backgroundColor":"#7B61FF","textColor":"#FFFFFF"},"tags":[{"type":"Eco","text":"Eco","icon":"https://cdn.freshful.ro/assets/product_tags/eco.svg","iconPng":"https://cdn.freshful.ro/assets/product_tags/eco.png","backgroundColor":"#EFFBE4","textColor":"#66BB1B"},{"type":"MadeInRomania","text":"Made In Romania","icon":"https://cdn.freshful.ro/assets/product_tags/made_in_romania.svg","iconPng":"https://cdn.freshful.ro/assets/product_tags/made_in_romania.png","backgroundColor":"#EDF2FD","textColor":"#1653CA"}],"isAvailable":true,"maxAvailableQuantity":100,"maxAllowedQuantity":100,"breadcrumbs":[{"code":"3","name":"Fructe & legume","slug":"3-fructe-si-legume"},{"code":"303","name":"Verdețuri și ierburi aromatice","slug":"303-verdeturi-si-plante-aromatice"},{"code":"30301","name":"Salate","slug":"30301-salate"},{"code":"100110316","name":"Salată verde eco România","slug":"100110316-roua-organic-salata-verde-eco-romania"}],"activePromotion":null,"saveMe":null,"labels":[{"type":"v1","items":[{"text":"Mici producători","backgroundColor":"#7B61FF","textColor":"#FFFFFF"}]}],"geniusPrice":null,"geniusUnitPricePerLabel":null,"banner":null,"discountLabel":null,"geniusDiscountLabel":null,"badge":null},{"code":"100046137","variantCode":"5941884300211","name":"Baby spanac 100g","slug":"100046137-oliveris-baby-spanac-100g","unitPriceLabel":"54,9 Lei/kg","brand":"Oliveris","brandCode":"706","brandFilterCode":"oliveris-b707","sku":"100046137","price":5.49,"originalPrice":null,"currencyCode":"RON","currency":"Lei","image":{"thumbnail":{"default":"https://cdn.freshful.ro/media/cache/sylius_shop_product_thumbnail/b0/7d/b6d91a5235c3952dd6e79702f00e.jpg"},"large":{"default":"https://cdn.freshful.ro/media/cache/freshful_large/b0/7d/b6d91a5235c3952dd6e79702f00e.jpg"},"extralarge":{"default":"https://cdn.freshful.ro/media/cache/sylius_shop_product_original/b0/7d/b6d91a5235c3952dd6e79702f00e.jpg"}},"label":null,"tags":[],"isAvailable":true,"maxAvailableQuantity":100,"maxAllowedQuantity":100,"breadcrumbs":[{"code":"3","name":"Fructe & legume","slug":"3-fructe-si-legume"},{"code":"303","name":"Verdețuri și ierburi aromatice","slug":"303-verdeturi-si-plante-aromatice"},{"code":"30301","name":"Salate","slug":"30301-salate"},{"code":"100046137","name":"Baby spanac 100g","slug":"100046137-oliveris-baby-spanac-100g"}],"activePromotion":null,"saveMe":null,"labels":[],"geniusPrice":null,"geniusUnitPricePerLabel":null,"banner":null,"discountLabel":null,"geniusDiscountLabel":null,"badge":null},{"code":"100046494","variantCode":"5941218004143","name":"Salată Bucuria 180g","slug":"100046494-eisberg-salata-bucuria-180g","unitPriceLabel":"33,28 Lei/kg","brand":"Eisberg","brandCode":"232","brandFilterCode":"eisberg-b233","sku":"100046494","price":5.99,"originalPrice":null,"currencyCode":"RON","currency":"Lei","image":{"thumbnail":{"default":"https://cdn.freshful.ro/media/cache/sylius_shop_product_thumbnail/d5/14/9b8f9011e6471839a3c64cd8e227.jpg"},"large":{"default":"https://cdn.freshful.ro/media/cache/freshful_large/d5/14/9b8f9011e6471839a3c64cd8e227.jpg"},"extralarge":{"default":"https://cdn.freshful.ro/media/cache/sylius_shop_product_original/d5/14/9b8f9011e6471839a3c64cd8e227.jpg"}},"label":null,"tags":[],"isAvailable":true,"maxAvailableQuantity":63,"maxAllowedQuantity":100,"breadcrumbs":[{"code":"3","name":"Fructe & legume","slug":"3-fructe-si-legume"},{"code":"303","name":"Verdețuri și ierburi aromatice","slug":"303-verdeturi-si-plante-aromatice"},{"code":"30301","name":"Salate","slug":"30301-salate"},{"code":"100046494","name":"Salată Bucuria 180g","slug":"100046494-eisberg-salata-bucuria-180g"}],"activePromotion":null,"saveMe":null,"labels":[],"geniusPrice":null,"geniusUnitPricePerLabel":null,"banner":null,"discountLabel":null,"geniusDiscountLabel":null,"badge":null},{"code":"100044089","variantCode":"5940000000219","name":"Busuioc 30g","slug":"100044089-coral-biogreens-busuioc-30g","unitPriceLabel":"16,3 Lei/kg","brand":"Coral Biogreens","brandCode":"335","brandFilterCode":"coral-biogreens-b336","sku":"100044089","price":4.89,"originalPrice":null,"currencyCode":"RON","currency":"Lei","image":{"thumbnail":{"default":"https://cdn.freshful.ro/media/cache/sylius_shop_product_thumbnail/8d/68/652d1510903be68949830720aee5.jpg"},"large":{"default":"https://cdn.freshful.ro/media/cache/freshful_large/8d/68/652d1510903be68949830720aee5.jpg"},"extralarge":{"default":"https://cdn.freshful.ro/media/cache/sylius_shop_product_original/8d/68/652d1510903be68949830720aee5.jpg"}},"label":null,"tags":[],"isAvailable":true,"maxAvailableQuantity":100,"maxAllowedQuantity":100,"breadcrumbs":[{"code":"3","name":"Fructe & legume","slug":"3-fructe-si-legume"},{"code":"303","name":"Verdețuri și ierburi aromatice","slug":"303-verdeturi-si-plante-aromatice"},{"code":"30304","name":"Ierburi aromatice","slug":"30304-plante-aromate"},{"code":"100044089","name":"Busuioc 30g","slug":"100044089-coral-biogreens-busuioc-30g"}],"activePromotion":null,"saveMe":null,"labels":[],"geniusPrice":null,"geniusUnitPricePerLabel":null,"banner":null,"discountLabel":null,"geniusDiscountLabel":null,"badge":null},{"code":"100046135","variantCode":"100046135","name":"Salată Misticanza 150g","slug":"100046135-oliveris-salata-misticanza-150g","unitPriceLabel":"39,93 Lei/kg","brand":"Oliveris","brandCode":"706","brandFilterCode":"oliveris-b707","sku":"100046135","price":5.99,"originalPrice":null,"currencyCode":"RON","currency":"Lei","image":{"thumbnail":{"default":"https://cdn.freshful.ro/media/cache/sylius_shop_product_thumbnail/83/d1/6d068d64ce38a9ee384f7144f9b1.jpg"},"large":{"default":"https://cdn.freshful.ro/media/cache/freshful_large/83/d1/6d068d64ce38a9ee384f7144f9b1.jpg"},"extralarge":{"default":"https://cdn.freshful.ro/media/cache/sylius_shop_product_original/83/d1/6d068d64ce38a9ee384f7144f9b1.jpg"}},"label":null,"tags":[],"isAvailable":true,"maxAvailableQuantity":100,"maxAllowedQuantity":100,"breadcrumbs":[{"code":"3","name":"Fructe & legume","slug":"3-fructe-si-legume"},{"code":"303","name":"Verdețuri și ierburi aromatice","slug":"303-verdeturi-si-plante-aromatice"},{"code":"30301","name":"Salate","slug":"30301-salate"},{"code":"100046135","name":"Salată Misticanza 150g","slug":"100046135-oliveris-salata-misticanza-150g"}],"activePromotion":null,"saveMe":null,"labels":[],"geniusPrice":null,"geniusUnitPricePerLabel":null,"banner":null,"discountLabel":null,"geniusDiscountLabel":null,"badge":null},{"code":"100046491","variantCode":"5941218004860","name":"Salată valeriană ecologică 100g","slug":"100046491-eisberg-salata-valeriana-ecologica-100g","unitPriceLabel":"54,9 Lei/kg","brand":"Eisberg","brandCode":"232","brandFilterCode":"eisberg-b233","sku":"100046491","price":5.49,"originalPrice":null,"currencyCode":"RON","currency":"Lei","image":{"thumbnail":{"default":"https://cdn.freshful.ro/media/cache/sylius_shop_product_thumbnail/39/9b/6254839cb8d4a80e71176758a7fb.jpg"},"large":{"default":"https://cdn.freshful.ro/media/cache/freshful_large/39/9b/6254839cb8d4a80e71176758a7fb.jpg"},"extralarge":{"default":"https://cdn.freshful.ro/media/cache/sylius_shop_product_original/39/9b/6254839cb8d4a80e71176758a7fb.jpg"}},"label":null,"tags":[{"type":"Eco","text":"Eco","icon":"https://cdn.freshful.ro/assets/product_tags/eco.svg","iconPng":"https://cdn.freshful.ro/assets/product_tags/eco.png","backgroundColor":"#EFFBE4","textColor":"#66BB1B"}],"isAvailable":true,"maxAvailableQuantity":50,"maxAllowedQuantity":100,"breadcrumbs":[{"code":"3","name":"Fructe & legume","slug":"3-fructe-si-legume"},{"code":"303","name":"Verdețuri și ierburi aromatice","slug":"303-verdeturi-si-plante-aromatice"},{"code":"30301","name":"Salate","slug":"30301-salate"},{"code":"100046491","name":"Salată valeriană ecologică 100g","slug":"100046491-eisberg-salata-valeriana-ecologica-100g"}],"activePromotion":null,"saveMe":null,"labels":[],"geniusPrice":null,"geniusUnitPricePerLabel":null,"banner":null,"discountLabel":null,"geniusDiscountLabel":null,"badge":null}]},{"analyticsListId":"category-slot_304-fructe-uscate-crude","analyticsListName":"Category Slot - Fructe și legume uscate","type":"products_carousel","title":"Fructe și legume uscate","link":{"title":"Mai multe","count":80,"url":"/c/3-fructe-si-legume/304-fructe-uscate-crude"},"products":[{"code":"100093742","variantCode":"5941232412504","name":"Semințe chia ecologice 200g","slug":"100093742-driedfruits-seminte-chia-ecologice-200g","unitPriceLabel":"43,45 Lei/kg","brand":"Driedfruits","brandCode":"354","brandFilterCode":"driedfruits-b355","sku":"100093742","price":8.69,"originalPrice":10.99,"currencyCode":"RON","currency":"Lei","image":{"thumbnail":{"default":"https://cdn.freshful.ro/media/cache/sylius_shop_product_thumbnail/a0/1e/757b42da3fe9e2f9a61d6e0ce0c9.jpg"},"large":{"default":"https://cdn.freshful.ro/media/cache/freshful_large/a0/1e/757b42da3fe9e2f9a61d6e0ce0c9.jpg"},"extralarge":{"default":"https://cdn.freshful.ro/media/cache/sylius_shop_product_original/a0/1e/757b42da3fe9e2f9a61d6e0ce0c9.jpg"}},"label":{"text":"-20%","backgroundColor":"#FF9903","textColor":"#FFFFFF"},"tags":[{"type":"Eco","text":"Eco","icon":"https://cdn.freshful.ro/assets/product_tags/eco.svg","iconPng":"https://cdn.freshful.ro/assets/product_tags/eco.png","backgroundColor":"#EFFBE4","textColor":"#66BB1B"}],"isAvailable":true,"maxAvailableQuantity":60,"maxAllowedQuantity":100,"breadcrumbs":[{"code":"3","name":"Fructe & legume","slug":"3-fructe-si-legume"},{"code":"304","name":"Fructe și legume uscate","slug":"304-fructe-uscate-crude"},{"code":"30401","name":"Nuci și semințe","slug":"30401-fructe-uscate"},{"code":"100093742","name":"Semințe chia ecologice 200g","slug":"100093742-driedfruits-seminte-chia-ecologice-200g"}],"activePromotion":{"code":"bunatatile-saptamanii-cw0923","name":"Preț redus","targetQuantity":null},"saveMe":null,"labels":[{"type":"v1","items":[{"text":"-20%","backgroundColor":"#FF9903","textColor":"#FFFFFF"}]}],"geniusPrice":null,"geniusUnitPricePerLabel":null,"banner":{"text":"Super preț","textColor":"#FF0000","bgColor":"#FFF2EC","icon":null,"link":"https://www.freshful.ro/oferte/bunatatile-saptamanii-cw0923","type":"promo","analyticsEventType":"select_promotion","analyticsEventPayload":{"promotion_id":"bunatatile-saptamanii-cw0923","promotion_name":"Oferta proaspătă a săptămânii"}},"discountLabel":"Economisești 20%","geniusDiscountLabel":null,"badge":null},{"code":"100093753","variantCode":"5941232421643","name":"Prune deshidratate fără sâmbure 500g","slug":"100093753-driedfruits-prune-deshidratate-fara-sambure-500g","unitPriceLabel":"32,15 Lei/kg","brand":"Driedfruits","brandCode":"354","brandFilterCode":"driedfruits-b355","sku":"100093753","price":19.29,"originalPrice":21.49,"currencyCode":"RON","currency":"Lei","image":{"thumbnail":{"default":"https://cdn.freshful.ro/media/cache/sylius_shop_product_thumbnail/b2/96/4668d350c79e68c7f7c0672a1978.jpg"},"large":{"default":"https://cdn.freshful.ro/media/cache/freshful_large/b2/96/4668d350c79e68c7f7c0672a1978.jpg"},"extralarge":{"default":"https://cdn.freshful.ro/media/cache/sylius_shop_product_original/b2/96/4668d350c79e68c7f7c0672a1978.jpg"}},"label":{"text":"-10%","backgroundColor":"#FF9903","textColor":"#FFFFFF"},"tags":[],"isAvailable":true,"maxAvailableQuantity":96,"maxAllowedQuantity":100,"breadcrumbs":[{"code":"3","name":"Fructe & legume","slug":"3-fructe-si-legume"},{"code":"304","name":"Fructe și legume uscate","slug":"304-fructe-uscate-crude"},{"code":"30402","name":"Fructe deshidratate și confiate","slug":"30402-fructe-deshidratate-si-confiate"},{"code":"100093753","name":"Prune deshidratate fără sâmbure 500g","slug":"100093753-driedfruits-prune-deshidratate-fara-sambure-500g"}],"activePromotion":{"code":"bunatatile-saptamanii-cw0923","name":"Preț redus","targetQuantity":null},"saveMe":null,"labels":[{"type":"v1","items":[{"text":"-10%","backgroundColor":"#FF9903","textColor":"#FFFFFF"}]}],"geniusPrice":null,"geniusUnitPricePerLabel":null,"banner":{"text":"Super preț","textColor":"#FF0000","bgColor":"#FFF2EC","icon":null,"link":"https://www.freshful.ro/oferte/bunatatile-saptamanii-cw0923","type":"promo","analyticsEventType":"select_promotion","analyticsEventPayload":{"promotion_id":"bunatatile-saptamanii-cw0923","promotion_name":"Oferta proaspătă a săptămânii"}},"discountLabel":"Economisești 10%","geniusDiscountLabel":null,"badge":null},{"code":"100093738","variantCode":"5941232423715","name":"Nuci pecan 100g","slug":"100093738-driedfruits-nuci-pecan-100g","unitPriceLabel":"159 Lei/kg","brand":"Driedfruits","brandCode":"354","brandFilterCode":"driedfruits-b355","sku":"100093738","price":17.49,"originalPrice":22,"currencyCode":"RON","currency":"Lei","image":{"thumbnail":{"default":"https://cdn.freshful.ro/media/cache/sylius_shop_product_thumbnail/7a/eb/634f73c51791197c55125227ca01.jpg"},"large":{"default":"https://cdn.freshful.ro/media/cache/freshful_large/7a/eb/634f73c51791197c55125227ca01.jpg"},"extralarge":{"default":"https://cdn.freshful.ro/media/cache/sylius_shop_product_original/7a/eb/634f73c51791197c55125227ca01.jpg"}},"label":{"text":"-20%","backgroundColor":"#FF9903","textColor":"#FFFFFF"},"tags":[],"isAvailable":true,"maxAvailableQuantity":100,"maxAllowedQuantity":100,"breadcrumbs":[{"code":"3","name":"Fructe & legume","slug":"3-fructe-si-legume"},{"code":"304","name":"Fructe și legume uscate","slug":"304-fructe-uscate-crude"},{"code":"30401","name":"Nuci și semințe","slug":"30401-fructe-uscate"},{"code":"100093738","name":"Nuci pecan 100g","slug":"100093738-driedfruits-nuci-pecan-100g"}],"activePromotion":{"code":"bunatatile-saptamanii-cw0923","name":"Preț redus","targetQuantity":null},"saveMe":null,"labels":[{"type":"v1","items":[{"text":"-20%","backgroundColor":"#FF9903","textColor":"#FFFFFF"}]}],"geniusPrice":null,"geniusUnitPricePerLabel":null,"banner":{"text":"Super preț","textColor":"#FF0000","bgColor":"#FFF2EC","icon":null,"link":"https://www.freshful.ro/oferte/bunatatile-saptamanii-cw0923","type":"promo","analyticsEventType":"select_promotion","analyticsEventPayload":{"promotion_id":"bunatatile-saptamanii-cw0923","promotion_name":"Oferta proaspătă a săptămânii"}},"discountLabel":"Economisești 20%","geniusDiscountLabel":null,"badge":null},{"code":"100093752","variantCode":"5941232411798","name":"Curmale deshidratate ecologice 200g","slug":"100093752-driedfruits-curmale-deshidratate-ecologice-200g","unitPriceLabel":"35,67 Lei/kg","brand":"Driedfruits","brandCode":"354","brandFilterCode":"driedfruits-b355","sku":"100093752","price":7.49,"originalPrice":null,"currencyCode":"RON","currency":"Lei","image":{"thumbnail":{"default":"https://cdn.freshful.ro/media/cache/sylius_shop_product_thumbnail/b5/cd/5374efbc019546f01afb390221f1.jpg"},"large":{"default":"https://cdn.freshful.ro/media/cache/freshful_large/b5/cd/5374efbc019546f01afb390221f1.jpg"},"extralarge":{"default":"https://cdn.freshful.ro/media/cache/sylius_shop_product_original/b5/cd/5374efbc019546f01afb390221f1.jpg"}},"label":null,"tags":[{"type":"Eco","text":"Eco","icon":"https://cdn.freshful.ro/assets/product_tags/eco.svg","iconPng":"https://cdn.freshful.ro/assets/product_tags/eco.png","backgroundColor":"#EFFBE4","textColor":"#66BB1B"}],"isAvailable":true,"maxAvailableQuantity":67,"maxAllowedQuantity":100,"breadcrumbs":[{"code":"3","name":"Fructe & legume","slug":"3-fructe-si-legume"},{"code":"304","name":"Fructe și legume uscate","slug":"304-fructe-uscate-crude"},{"code":"30402","name":"Fructe deshidratate și confiate","slug":"30402-fructe-deshidratate-si-confiate"},{"code":"100093752","name":"Curmale deshidratate ecologice 200g","slug":"100093752-driedfruits-curmale-deshidratate-ecologice-200g"}],"activePromotion":null,"saveMe":null,"labels":[],"geniusPrice":null,"geniusUnitPricePerLabel":null,"banner":null,"discountLabel":null,"geniusDiscountLabel":null,"badge":null},{"code":"100093758","variantCode":"5941232409566","name":"Stafide brune ecologice 200g","slug":"100093758-driedfruits-stafide-brune-ecologice-200g","unitPriceLabel":"38,05 Lei/kg","brand":"Driedfruits","brandCode":"354","brandFilterCode":"driedfruits-b355","sku":"100093758","price":7.99,"originalPrice":null,"currencyCode":"RON","currency":"Lei","image":{"thumbnail":{"default":"https://cdn.freshful.ro/media/cache/sylius_shop_product_thumbnail/25/5f/d9247c08afea6883468be3d71e51.jpg"},"large":{"default":"https://cdn.freshful.ro/media/cache/freshful_large/25/5f/d9247c08afea6883468be3d71e51.jpg"},"extralarge":{"default":"https://cdn.freshful.ro/media/cache/sylius_shop_product_original/25/5f/d9247c08afea6883468be3d71e51.jpg"}},"label":null,"tags":[{"type":"Eco","text":"Eco","icon":"https://cdn.freshful.ro/assets/product_tags/eco.svg","iconPng":"https://cdn.freshful.ro/assets/product_tags/eco.png","backgroundColor":"#EFFBE4","textColor":"#66BB1B"}],"isAvailable":true,"maxAvailableQuantity":22,"maxAllowedQuantity":100,"breadcrumbs":[{"code":"3","name":"Fructe & legume","slug":"3-fructe-si-legume"},{"code":"304","name":"Fructe și legume uscate","slug":"304-fructe-uscate-crude"},{"code":"30402","name":"Fructe deshidratate și confiate","slug":"30402-fructe-deshidratate-si-confiate"},{"code":"100093758","name":"Stafide brune ecologice 200g","slug":"100093758-driedfruits-stafide-brune-ecologice-200g"}],"activePromotion":null,"saveMe":null,"labels":[],"geniusPrice":null,"geniusUnitPricePerLabel":null,"banner":null,"discountLabel":null,"geniusDiscountLabel":null,"badge":null},{"code":"100093734","variantCode":"5941232414805","name":"Migdale crude ecologice 100g","slug":"100093734-driedfruits-migdale-crude-ecologice-100g","unitPriceLabel":"145,36 Lei/kg","brand":"Driedfruits","brandCode":"354","brandFilterCode":"driedfruits-b355","sku":"100093734","price":15.99,"originalPrice":null,"currencyCode":"RON","currency":"Lei","image":{"thumbnail":{"default":"https://cdn.freshful.ro/media/cache/sylius_shop_product_thumbnail/4b/32/90ef6ce6069d6fde570f8b86ed66.jpg"},"large":{"default":"https://cdn.freshful.ro/media/cache/freshful_large/4b/32/90ef6ce6069d6fde570f8b86ed66.jpg"},"extralarge":{"default":"https://cdn.freshful.ro/media/cache/sylius_shop_product_original/4b/32/90ef6ce6069d6fde570f8b86ed66.jpg"}},"label":null,"tags":[{"type":"Eco","text":"Eco","icon":"https://cdn.freshful.ro/assets/product_tags/eco.svg","iconPng":"https://cdn.freshful.ro/assets/product_tags/eco.png","backgroundColor":"#EFFBE4","textColor":"#66BB1B"}],"isAvailable":true,"maxAvailableQuantity":100,"maxAllowedQuantity":100,"breadcrumbs":[{"code":"3","name":"Fructe & legume","slug":"3-fructe-si-legume"},{"code":"304","name":"Fructe și legume uscate","slug":"304-fructe-uscate-crude"},{"code":"30401","name":"Nuci și semințe","slug":"30401-fructe-uscate"},{"code":"100093734","name":"Migdale crude ecologice 100g","slug":"100093734-driedfruits-migdale-crude-ecologice-100g"}],"activePromotion":null,"saveMe":null,"labels":[],"geniusPrice":null,"geniusUnitPricePerLabel":null,"banner":null,"discountLabel":null,"geniusDiscountLabel":null,"badge":null},{"code":"100148560","variantCode":"100148560","name":"Migdale crude în coajă 200g","slug":"100148560-bunatati-cu-gust-migdale-crude-in-coaja-200g","unitPriceLabel":"64,95 Lei/kg","brand":"Bunătăți cu gust","brandCode":"320","brandFilterCode":"bunatati-cu-gust-b321","sku":"100148560","price":12.99,"originalPrice":null,"currencyCode":"RON","currency":"Lei","image":{"thumbnail":{"default":"https://cdn.freshful.ro/media/cache/sylius_shop_product_thumbnail/15/81/47a9e8dc568094ce62aaba85c0dd.jpg"},"large":{"default":"https://cdn.freshful.ro/media/cache/freshful_large/15/81/47a9e8dc568094ce62aaba85c0dd.jpg"},"extralarge":{"default":"https://cdn.freshful.ro/media/cache/sylius_shop_product_original/15/81/47a9e8dc568094ce62aaba85c0dd.jpg"}},"label":null,"tags":[],"isAvailable":true,"maxAvailableQuantity":82,"maxAllowedQuantity":100,"breadcrumbs":[{"code":"3","name":"Fructe & legume","slug":"3-fructe-si-legume"},{"code":"304","name":"Fructe și legume uscate","slug":"304-fructe-uscate-crude"},{"code":"30401","name":"Nuci și semințe","slug":"30401-fructe-uscate"},{"code":"100148560","name":"Migdale crude în coajă 200g","slug":"100148560-bunatati-cu-gust-migdale-crude-in-coaja-200g"}],"activePromotion":null,"saveMe":null,"labels":[],"geniusPrice":null,"geniusUnitPricePerLabel":null,"banner":null,"discountLabel":null,"geniusDiscountLabel":null,"badge":null},{"code":"100098013","variantCode":"5941232423814","name":"Susan 100g","slug":"100098013-driedfruits-susan-100g","unitPriceLabel":"54,45 Lei/kg","brand":"Driedfruits","brandCode":"354","brandFilterCode":"driedfruits-b355","sku":"100098013","price":5.99,"originalPrice":null,"currencyCode":"RON","currency":"Lei","image":{"thumbnail":{"default":"https://cdn.freshful.ro/media/cache/sylius_shop_product_thumbnail/e0/70/1326c2901ce5a6528a9f2ccd4438.jpg"},"large":{"default":"https://cdn.freshful.ro/media/cache/freshful_large/e0/70/1326c2901ce5a6528a9f2ccd4438.jpg"},"extralarge":{"default":"https://cdn.freshful.ro/media/cache/sylius_shop_product_original/e0/70/1326c2901ce5a6528a9f2ccd4438.jpg"}},"label":null,"tags":[],"isAvailable":true,"maxAvailableQuantity":80,"maxAllowedQuantity":100,"breadcrumbs":[{"code":"3","name":"Fructe & legume","slug":"3-fructe-si-legume"},{"code":"304","name":"Fructe și legume uscate","slug":"304-fructe-uscate-crude"},{"code":"30401","name":"Nuci și semințe","slug":"30401-fructe-uscate"},{"code":"100098013","name":"Susan 100g","slug":"100098013-driedfruits-susan-100g"}],"activePromotion":null,"saveMe":null,"labels":[],"geniusPrice":null,"geniusUnitPricePerLabel":null,"banner":null,"discountLabel":null,"geniusDiscountLabel":null,"badge":null},{"code":"100148556","variantCode":"100148556","name":"Alune de pădure crude 200g","slug":"100148556-bunatati-cu-gust-alune-de-padure-crude-200g","unitPriceLabel":"79,95 Lei/kg","brand":"Bunătăți cu gust","brandCode":"320","brandFilterCode":"bunatati-cu-gust-b321","sku":"100148556","price":15.99,"originalPrice":null,"currencyCode":"RON","currency":"Lei","image":{"thumbnail":{"default":"https://cdn.freshful.ro/media/cache/sylius_shop_product_thumbnail/ec/e3/a9eb09e3ee7551bb63a640100a89.jpg"},"large":{"default":"https://cdn.freshful.ro/media/cache/freshful_large/ec/e3/a9eb09e3ee7551bb63a640100a89.jpg"},"extralarge":{"default":"https://cdn.freshful.ro/media/cache/sylius_shop_product_original/ec/e3/a9eb09e3ee7551bb63a640100a89.jpg"}},"label":null,"tags":[],"isAvailable":true,"maxAvailableQuantity":45,"maxAllowedQuantity":100,"breadcrumbs":[{"code":"3","name":"Fructe & legume","slug":"3-fructe-si-legume"},{"code":"304","name":"Fructe și legume uscate","slug":"304-fructe-uscate-crude"},{"code":"30401","name":"Nuci și semințe","slug":"30401-fructe-uscate"},{"code":"100148556","name":"Alune de pădure crude 200g","slug":"100148556-bunatati-cu-gust-alune-de-padure-crude-200g"}],"activePromotion":null,"saveMe":null,"labels":[],"geniusPrice":null,"geniusUnitPricePerLabel":null,"banner":null,"discountLabel":null,"geniusDiscountLabel":null,"badge":null},{"code":"100093761","variantCode":"5941232409429","name":"Banana chips 100g","slug":"100093761-driedfruits-banana-chips-100g","unitPriceLabel":"31,73 Lei/kg","brand":"Driedfruits","brandCode":"354","brandFilterCode":"driedfruits-b355","sku":"100093761","price":3.49,"originalPrice":null,"currencyCode":"RON","currency":"Lei","image":{"thumbnail":{"default":"https://cdn.freshful.ro/media/cache/sylius_shop_product_thumbnail/2a/87/9ebdff9b6c830b58d19a1ee0cee7.jpg"},"large":{"default":"https://cdn.freshful.ro/media/cache/freshful_large/2a/87/9ebdff9b6c830b58d19a1ee0cee7.jpg"},"extralarge":{"default":"https://cdn.freshful.ro/media/cache/sylius_shop_product_original/2a/87/9ebdff9b6c830b58d19a1ee0cee7.jpg"}},"label":null,"tags":[],"isAvailable":true,"maxAvailableQuantity":89,"maxAllowedQuantity":100,"breadcrumbs":[{"code":"3","name":"Fructe & legume","slug":"3-fructe-si-legume"},{"code":"304","name":"Fructe și legume uscate","slug":"304-fructe-uscate-crude"},{"code":"30402","name":"Fructe deshidratate și confiate","slug":"30402-fructe-deshidratate-si-confiate"},{"code":"100093761","name":"Banana chips 100g","slug":"100093761-driedfruits-banana-chips-100g"}],"activePromotion":null,"saveMe":null,"labels":[],"geniusPrice":null,"geniusUnitPricePerLabel":null,"banner":null,"discountLabel":null,"geniusDiscountLabel":null,"badge":null}]},{"analyticsListId":"category-slot_305-sucuri-naturale","analyticsListName":"Category Slot - Sucuri naturale","type":"products_carousel","title":"Sucuri naturale","link":{"title":"Mai multe","count":56,"url":"/c/3-fructe-si-legume/305-sucuri-naturale"},"products":[{"code":"100044183","variantCode":"5941884601127","name":"Smuti cocos și ananas 250ml","slug":"100044183-sloop-smuti-cocos-si-ananas-250ml","unitPriceLabel":"37,96 Lei/l","brand":"SLooP","brandCode":"242","brandFilterCode":"sloop-b243","sku":"100044183","price":9.49,"originalPrice":10.99,"currencyCode":"RON","currency":"Lei","image":{"thumbnail":{"default":"https://cdn.freshful.ro/media/cache/sylius_shop_product_thumbnail/85/83/e1dde47b2632da3535900b5a5245.jpg"},"large":{"default":"https://cdn.freshful.ro/media/cache/freshful_large/85/83/e1dde47b2632da3535900b5a5245.jpg"},"extralarge":{"default":"https://cdn.freshful.ro/media/cache/sylius_shop_product_original/85/83/e1dde47b2632da3535900b5a5245.jpg"}},"label":{"text":"-13%","backgroundColor":"#FF9903","textColor":"#FFFFFF"},"tags":[{"type":"NoAddedSugar","text":"Fara zahar adaugat","icon":"https://cdn.freshful.ro/assets/product_tags/fara_zahar_adaugat.svg","iconPng":"https://cdn.freshful.ro/assets/product_tags/fara_zahar_adaugat.png","backgroundColor":"#F8EDF7","textColor":"#C05EBC"},{"type":"NoPreservatives","text":"Fara conservanti","icon":"https://cdn.freshful.ro/assets/product_tags/fara_conservanti.svg","iconPng":"https://cdn.freshful.ro/assets/product_tags/fara_conservanti.png","backgroundColor":"#F0F2FF","textColor":"#7889DD"}],"isAvailable":true,"maxAvailableQuantity":95,"maxAllowedQuantity":100,"breadcrumbs":[{"code":"3","name":"Fructe & legume","slug":"3-fructe-si-legume"},{"code":"305","name":"Sucuri naturale","slug":"305-sucuri-naturale"},{"code":"30503","name":"Smoothies","slug":"30503-smoothie"},{"code":"100044183","name":"Smuti cocos și ananas 250ml","slug":"100044183-sloop-smuti-cocos-si-ananas-250ml"}],"activePromotion":{"code":"bunatatile-saptamanii-cw0923","name":"Preț redus","targetQuantity":null},"saveMe":null,"labels":[{"type":"v1","items":[{"text":"-13%","backgroundColor":"#FF9903","textColor":"#FFFFFF"}]}],"geniusPrice":null,"geniusUnitPricePerLabel":null,"banner":{"text":"Super preț","textColor":"#FF0000","bgColor":"#FFF2EC","icon":null,"link":"https://www.freshful.ro/oferte/bunatatile-saptamanii-cw0923","type":"promo","analyticsEventType":"select_promotion","analyticsEventPayload":{"promotion_id":"bunatatile-saptamanii-cw0923","promotion_name":"Oferta proaspătă a săptămânii"}},"discountLabel":"Economisești 13%","geniusDiscountLabel":null,"badge":null},{"code":"100046097","variantCode":"5202178300042","name":"Suc de portocale 1l","slug":"100046097-olympus-suc-de-portocale-1l","unitPriceLabel":"12,24 Lei/l","brand":"Olympus","brandCode":"45","brandFilterCode":"olympus-b40","sku":"100046097","price":12.24,"originalPrice":null,"currencyCode":"RON","currency":"Lei","image":{"thumbnail":{"default":"https://cdn.freshful.ro/media/cache/sylius_shop_product_thumbnail/66/96/9a3f3161a5535f7e432815eb6403.jpg"},"large":{"default":"https://cdn.freshful.ro/media/cache/freshful_large/66/96/9a3f3161a5535f7e432815eb6403.jpg"},"extralarge":{"default":"https://cdn.freshful.ro/media/cache/sylius_shop_product_original/66/96/9a3f3161a5535f7e432815eb6403.jpg"}},"label":null,"tags":[],"isAvailable":true,"maxAvailableQuantity":100,"maxAllowedQuantity":100,"breadcrumbs":[{"code":"3","name":"Fructe & legume","slug":"3-fructe-si-legume"},{"code":"305","name":"Sucuri naturale","slug":"305-sucuri-naturale"},{"code":"30501","name":"Sucuri din fructe proaspete","slug":"30501-sucuri-fresh-proaspete"},{"code":"100046097","name":"Suc de portocale 1l","slug":"100046097-olympus-suc-de-portocale-1l"}],"activePromotion":null,"saveMe":null,"labels":[],"geniusPrice":null,"geniusUnitPricePerLabel":null,"banner":null,"discountLabel":null,"geniusDiscountLabel":null,"badge":null},{"code":"100044650","variantCode":"5942329101219","name":"Raw shot ghimbir 60ml","slug":"100044650-urban-monkey-raw-shot-ghimbir-60ml","unitPriceLabel":"137,5 Lei/l","brand":"Urban Monkey","brandCode":"236","brandFilterCode":"urban-monkey-b237","sku":"100044650","price":8.25,"originalPrice":null,"currencyCode":"RON","currency":"Lei","image":{"thumbnail":{"default":"https://cdn.freshful.ro/media/cache/sylius_shop_product_thumbnail/40/f9/b803a9f89d0e2a66a25f44aedfe2.jpg"},"large":{"default":"https://cdn.freshful.ro/media/cache/freshful_large/40/f9/b803a9f89d0e2a66a25f44aedfe2.jpg"},"extralarge":{"default":"https://cdn.freshful.ro/media/cache/sylius_shop_product_original/40/f9/b803a9f89d0e2a66a25f44aedfe2.jpg"}},"label":null,"tags":[],"isAvailable":true,"maxAvailableQuantity":52,"maxAllowedQuantity":100,"breadcrumbs":[{"code":"3","name":"Fructe & legume","slug":"3-fructe-si-legume"},{"code":"305","name":"Sucuri naturale","slug":"305-sucuri-naturale"},{"code":"30503","name":"Smoothies","slug":"30503-smoothie"},{"code":"100044650","name":"Raw shot ghimbir 60ml","slug":"100044650-urban-monkey-raw-shot-ghimbir-60ml"}],"activePromotion":null,"saveMe":null,"labels":[],"geniusPrice":null,"geniusUnitPricePerLabel":null,"banner":null,"discountLabel":null,"geniusDiscountLabel":null,"badge":null},{"code":"100047656","variantCode":"642108847790","name":"Limonadă ananas și miere 500ml","slug":"100047656-ohvaz-limonada-ananas-si-miere-500ml","unitPriceLabel":"27,98 Lei/kg","brand":"Ohvăz","brandCode":"125","brandFilterCode":"ohvaz-b109","sku":"100047656","price":13.99,"originalPrice":null,"currencyCode":"RON","currency":"Lei","image":{"thumbnail":{"default":"https://cdn.freshful.ro/media/cache/sylius_shop_product_thumbnail/cf/e3/a84eb4e28f209bb25d131c248c18.jpg"},"large":{"default":"https://cdn.freshful.ro/media/cache/freshful_large/cf/e3/a84eb4e28f209bb25d131c248c18.jpg"},"extralarge":{"default":"https://cdn.freshful.ro/media/cache/sylius_shop_product_original/cf/e3/a84eb4e28f209bb25d131c248c18.jpg"}},"label":{"text":"Mici producători","backgroundColor":"#7B61FF","textColor":"#FFFFFF"},"tags":[{"type":"Natural","text":"Natural","icon":"https://cdn.freshful.ro/assets/product_tags/natural.svg","iconPng":"https://cdn.freshful.ro/assets/product_tags/natural.png","backgroundColor":"#E9FCF2","textColor":"#18AF62"},{"type":"NoAddedSugar","text":"Fara zahar adaugat","icon":"https://cdn.freshful.ro/assets/product_tags/fara_zahar_adaugat.svg","iconPng":"https://cdn.freshful.ro/assets/product_tags/fara_zahar_adaugat.png","backgroundColor":"#F8EDF7","textColor":"#C05EBC"},{"type":"NoPreservatives","text":"Fara conservanti","icon":"https://cdn.freshful.ro/assets/product_tags/fara_conservanti.svg","iconPng":"https://cdn.freshful.ro/assets/product_tags/fara_conservanti.png","backgroundColor":"#F0F2FF","textColor":"#7889DD"}],"isAvailable":true,"maxAvailableQuantity":1,"maxAllowedQuantity":100,"breadcrumbs":[{"code":"3","name":"Fructe & legume","slug":"3-fructe-si-legume"},{"code":"305","name":"Sucuri naturale","slug":"305-sucuri-naturale"},{"code":"30502","name":"Limonade","slug":"30502-limonade"},{"code":"100047656","name":"Limonadă ananas și miere 500ml","slug":"100047656-ohvaz-limonada-ananas-si-miere-500ml"}],"activePromotion":null,"saveMe":null,"labels":[{"type":"v1","items":[{"text":"Mici producători","backgroundColor":"#7B61FF","textColor":"#FFFFFF"}]}],"geniusPrice":null,"geniusUnitPricePerLabel":null,"banner":null,"discountLabel":null,"geniusDiscountLabel":null,"badge":null},{"code":"100046112","variantCode":"5202178005534","name":"Suc de portocale, mandarine, portocale roșii, mere 1l","slug":"100046112-olympus-suc-de-portocale-mandarine-portocale-rosii-mere-1l","unitPriceLabel":"13,99 Lei/l","brand":"Olympus","brandCode":"45","brandFilterCode":"olympus-b40","sku":"100046112","price":13.99,"originalPrice":null,"currencyCode":"RON","currency":"Lei","image":{"thumbnail":{"default":"https://cdn.freshful.ro/media/cache/sylius_shop_product_thumbnail/a3/67/0796d1109c4b34f5b223ff805105.jpg"},"large":{"default":"https://cdn.freshful.ro/media/cache/freshful_large/a3/67/0796d1109c4b34f5b223ff805105.jpg"},"extralarge":{"default":"https://cdn.freshful.ro/media/cache/sylius_shop_product_original/a3/67/0796d1109c4b34f5b223ff805105.jpg"}},"label":null,"tags":[{"type":"Natural","text":"Natural","icon":"https://cdn.freshful.ro/assets/product_tags/natural.svg","iconPng":"https://cdn.freshful.ro/assets/product_tags/natural.png","backgroundColor":"#E9FCF2","textColor":"#18AF62"}],"isAvailable":true,"maxAvailableQuantity":19,"maxAllowedQuantity":100,"breadcrumbs":[{"code":"3","name":"Fructe & legume","slug":"3-fructe-si-legume"},{"code":"305","name":"Sucuri naturale","slug":"305-sucuri-naturale"},{"code":"30501","name":"Sucuri din fructe proaspete","slug":"30501-sucuri-fresh-proaspete"},{"code":"100046112","name":"Suc de portocale, mandarine, portocale roșii, mere 1l","slug":"100046112-olympus-suc-de-portocale-mandarine-portocale-rosii-mere-1l"}],"activePromotion":null,"saveMe":null,"labels":[],"geniusPrice":null,"geniusUnitPricePerLabel":null,"banner":null,"discountLabel":null,"geniusDiscountLabel":null,"badge":null},{"code":"100150240","variantCode":"100150240","name":"Kombucha băutură probiotică energizantă cu miere și soc 330ml","slug":"100150240-ikombucha-kombucha-bautura-probiotica-energizanta-cu-miere-si-soc-330ml","unitPriceLabel":"45,42 Lei/l","brand":"iKombucha","brandCode":"2980","brandFilterCode":"ikombucha-b3074","sku":"100150240","price":14.99,"originalPrice":null,"currencyCode":"RON","currency":"Lei","image":{"thumbnail":{"default":"https://cdn.freshful.ro/media/cache/sylius_shop_product_thumbnail/05/6f/b59d321f3465c9cd9b1383a25f6c.jpg"},"large":{"default":"https://cdn.freshful.ro/media/cache/freshful_large/05/6f/b59d321f3465c9cd9b1383a25f6c.jpg"},"extralarge":{"default":"https://cdn.freshful.ro/media/cache/sylius_shop_product_original/05/6f/b59d321f3465c9cd9b1383a25f6c.jpg"}},"label":{"text":"Mici producători","backgroundColor":"#7B61FF","textColor":"#FFFFFF"},"tags":[],"isAvailable":true,"maxAvailableQuantity":100,"maxAllowedQuantity":100,"breadcrumbs":[{"code":"3","name":"Fructe & legume","slug":"3-fructe-si-legume"},{"code":"305","name":"Sucuri naturale","slug":"305-sucuri-naturale"},{"code":"30504","name":"Ice Tea natural","slug":"30504-ice-tea-natural"},{"code":"100150240","name":"Kombucha băutură probiotică energizantă cu miere și soc 330ml","slug":"100150240-ikombucha-kombucha-bautura-probiotica-energizanta-cu-miere-si-soc-330ml"}],"activePromotion":null,"saveMe":null,"labels":[{"type":"v1","items":[{"text":"Mici producători","backgroundColor":"#7B61FF","textColor":"#FFFFFF"}]}],"geniusPrice":null,"geniusUnitPricePerLabel":null,"banner":null,"discountLabel":null,"geniusDiscountLabel":null,"badge":null},{"code":"100044652","variantCode":"5942329100502","name":"Raw shot cătină 60ml","slug":"100044652-urban-monkey-raw-shot-catina-60ml","unitPriceLabel":"83,17 Lei/l","brand":"Urban Monkey","brandCode":"236","brandFilterCode":"urban-monkey-b237","sku":"100044652","price":4.99,"originalPrice":null,"currencyCode":"RON","currency":"Lei","image":{"thumbnail":{"default":"https://cdn.freshful.ro/media/cache/sylius_shop_product_thumbnail/1d/a9/21965e9c2ce88409e73761e00580.jpg"},"large":{"default":"https://cdn.freshful.ro/media/cache/freshful_large/1d/a9/21965e9c2ce88409e73761e00580.jpg"},"extralarge":{"default":"https://cdn.freshful.ro/media/cache/sylius_shop_product_original/1d/a9/21965e9c2ce88409e73761e00580.jpg"}},"label":null,"tags":[],"isAvailable":true,"maxAvailableQuantity":100,"maxAllowedQuantity":100,"breadcrumbs":[{"code":"3","name":"Fructe & legume","slug":"3-fructe-si-legume"},{"code":"305","name":"Sucuri naturale","slug":"305-sucuri-naturale"},{"code":"30503","name":"Smoothies","slug":"30503-smoothie"},{"code":"100044652","name":"Raw shot cătină 60ml","slug":"100044652-urban-monkey-raw-shot-catina-60ml"}],"activePromotion":null,"saveMe":null,"labels":[],"geniusPrice":null,"geniusUnitPricePerLabel":null,"banner":null,"discountLabel":null,"geniusDiscountLabel":null,"badge":null},{"code":"100046099","variantCode":"100046099","name":"Suc de 9 fructe cu 7 vitamine 1l","slug":"100046099-olympus-suc-de-9-fructe-cu-7-vitamine-1l","unitPriceLabel":"13,59 Lei/l","brand":"Olympus","brandCode":"45","brandFilterCode":"olympus-b40","sku":"100046099","price":13.59,"originalPrice":null,"currencyCode":"RON","currency":"Lei","image":{"thumbnail":{"default":"https://cdn.freshful.ro/media/cache/sylius_shop_product_thumbnail/9c/3b/f141b580b1a61e65fb50babc8dca.jpg"},"large":{"default":"https://cdn.freshful.ro/media/cache/freshful_large/9c/3b/f141b580b1a61e65fb50babc8dca.jpg"},"extralarge":{"default":"https://cdn.freshful.ro/media/cache/sylius_shop_product_original/9c/3b/f141b580b1a61e65fb50babc8dca.jpg"}},"label":null,"tags":[{"type":"Natural","text":"Natural","icon":"https://cdn.freshful.ro/assets/product_tags/natural.svg","iconPng":"https://cdn.freshful.ro/assets/product_tags/natural.png","backgroundColor":"#E9FCF2","textColor":"#18AF62"}],"isAvailable":true,"maxAvailableQuantity":46,"maxAllowedQuantity":100,"breadcrumbs":[{"code":"3","name":"Fructe & legume","slug":"3-fructe-si-legume"},{"code":"305","name":"Sucuri naturale","slug":"305-sucuri-naturale"},{"code":"30501","name":"Sucuri din fructe proaspete","slug":"30501-sucuri-fresh-proaspete"},{"code":"100046099","name":"Suc de 9 fructe cu 7 vitamine 1l","slug":"100046099-olympus-suc-de-9-fructe-cu-7-vitamine-1l"}],"activePromotion":null,"saveMe":null,"labels":[],"geniusPrice":null,"geniusUnitPricePerLabel":null,"banner":null,"discountLabel":null,"geniusDiscountLabel":null,"badge":null},{"code":"100046103","variantCode":"5202178040047","name":"Suc de mere, portocale, morcovi 1l","slug":"100046103-olympus-suc-de-mere-portocale-morcovi-1l","unitPriceLabel":"13,1 Lei/l","brand":"Olympus","brandCode":"45","brandFilterCode":"olympus-b40","sku":"100046103","price":13.1,"originalPrice":null,"currencyCode":"RON","currency":"Lei","image":{"thumbnail":{"default":"https://cdn.freshful.ro/media/cache/sylius_shop_product_thumbnail/69/40/639bb38123978940f428c84f6190.jpg"},"large":{"default":"https://cdn.freshful.ro/media/cache/freshful_large/69/40/639bb38123978940f428c84f6190.jpg"},"extralarge":{"default":"https://cdn.freshful.ro/media/cache/sylius_shop_product_original/69/40/639bb38123978940f428c84f6190.jpg"}},"label":null,"tags":[],"isAvailable":true,"maxAvailableQuantity":21,"maxAllowedQuantity":100,"breadcrumbs":[{"code":"3","name":"Fructe & legume","slug":"3-fructe-si-legume"},{"code":"305","name":"Sucuri naturale","slug":"305-sucuri-naturale"},{"code":"30501","name":"Sucuri din fructe proaspete","slug":"30501-sucuri-fresh-proaspete"},{"code":"100046103","name":"Suc de mere, portocale, morcovi 1l","slug":"100046103-olympus-suc-de-mere-portocale-morcovi-1l"}],"activePromotion":null,"saveMe":null,"labels":[],"geniusPrice":null,"geniusUnitPricePerLabel":null,"banner":null,"discountLabel":null,"geniusDiscountLabel":null,"badge":null},{"code":"100044656","variantCode":"5942329100021","name":"Raw juice Yummy Yummy 500ml","slug":"100044656-urban-monkey-raw-juice-yummy-yummy-500ml","unitPriceLabel":"35,78 Lei/l","brand":"Urban Monkey","brandCode":"236","brandFilterCode":"urban-monkey-b237","sku":"100044656","price":17.89,"originalPrice":null,"currencyCode":"RON","currency":"Lei","image":{"thumbnail":{"default":"https://cdn.freshful.ro/media/cache/sylius_shop_product_thumbnail/1f/f2/cac12a504f8076555660b0d5fd85.jpg"},"large":{"default":"https://cdn.freshful.ro/media/cache/freshful_large/1f/f2/cac12a504f8076555660b0d5fd85.jpg"},"extralarge":{"default":"https://cdn.freshful.ro/media/cache/sylius_shop_product_original/1f/f2/cac12a504f8076555660b0d5fd85.jpg"}},"label":null,"tags":[],"isAvailable":true,"maxAvailableQuantity":40,"maxAllowedQuantity":100,"breadcrumbs":[{"code":"3","name":"Fructe & legume","slug":"3-fructe-si-legume"},{"code":"305","name":"Sucuri naturale","slug":"305-sucuri-naturale"},{"code":"30501","name":"Sucuri din fructe proaspete","slug":"30501-sucuri-fresh-proaspete"},{"code":"100044656","name":"Raw juice Yummy Yummy 500ml","slug":"100044656-urban-monkey-raw-juice-yummy-yummy-500ml"}],"activePromotion":null,"saveMe":null,"labels":[],"geniusPrice":null,"geniusUnitPricePerLabel":null,"banner":null,"discountLabel":null,"geniusDiscountLabel":null,"badge":null}]}],"page":0,"limit":0,"pages":0,"count":0,"siblings":[],"children":[],"products":[],"filters":null,"orderBy":[],"metaTitle":"Fructe & legume - Gamă variată","metaDescription":"Vrei Fructe & legume? Alege dintr-o gamă variată. Comanzi simplu și ai livrare rapidă, calitate și prospețime. Hai pe Freshful.ro","metaKeywords":null,"banners":[]}}