{"type":"category","payload":{"analyticsListId":"category_4-lactate-branzeturi-si-oua","analyticsListName":"Category - Lactate & ouă","name":"Lactate & ouă","slug":"4-lactate-branzeturi-si-oua","image":null,"breadcrumbs":[{"code":"4","name":"Lactate & ouă","slug":"4-lactate-branzeturi-si-oua"}],"slots":[{"analyticsListId":"category-slot_401-lapte-smantana-si-branza-proaspata","analyticsListName":"Category Slot - Lapte, smântână și brânză proaspătă","type":"products_carousel","title":"Lapte, smântână și brânză proaspătă","link":{"title":"Mai multe","count":100,"url":"/c/4-lactate-branzeturi-si-oua/401-lapte-smantana-si-branza-proaspata"},"products":[{"code":"100032078","variantCode":"5941875900376","name":"Lapte de consum 3.7% grăsime 1l","slug":"100032078-olympus-lapte-de-consum-3-7-grasime-1l","unitPriceLabel":"7,99 Lei/l","brand":"Olympus","brandCode":"45","brandFilterCode":"olympus-b40","sku":"100032078","price":7.99,"originalPrice":9.99,"currencyCode":"RON","currency":"Lei","image":{"thumbnail":{"default":"https://cdn.freshful.ro/media/cache/sylius_shop_product_thumbnail/d0/58/f3353f6687cc5527de807dc6b490.jpg"},"large":{"default":"https://cdn.freshful.ro/media/cache/freshful_large/d0/58/f3353f6687cc5527de807dc6b490.jpg"},"extralarge":{"default":"https://cdn.freshful.ro/media/cache/sylius_shop_product_original/d0/58/f3353f6687cc5527de807dc6b490.jpg"}},"label":{"text":"-20%","backgroundColor":"#FF9903","textColor":"#FFFFFF"},"tags":[{"type":"MadeInRomania","text":"Made In Romania","icon":"https://cdn.freshful.ro/assets/product_tags/made_in_romania.svg","iconPng":"https://cdn.freshful.ro/assets/product_tags/made_in_romania.png","backgroundColor":"#EDF2FD","textColor":"#1653CA"}],"isAvailable":true,"maxAvailableQuantity":6,"maxAllowedQuantity":6,"breadcrumbs":[{"code":"4","name":"Lactate & ouă","slug":"4-lactate-branzeturi-si-oua"},{"code":"401","name":"Lapte, smântână și brânză proaspătă","slug":"401-lapte-smantana-si-branza-proaspata"},{"code":"40101","name":"Lapte proaspăt","slug":"40101-lapte-proaspat"},{"code":"100032078","name":"Lapte de consum 3.7% grăsime 1l","slug":"100032078-olympus-lapte-de-consum-3-7-grasime-1l"}],"activePromotion":{"code":"superpreturile-saptamanii","name":"Preț redus","targetQuantity":null},"saveMe":null,"labels":[{"type":"v1","items":[{"text":"-20%","backgroundColor":"#FF9903","textColor":"#FFFFFF"}]}],"geniusPrice":null,"geniusUnitPricePerLabel":null,"banner":{"text":"Super preț","textColor":"#FF0000","bgColor":"#FFF2EC","icon":null,"link":"https://www.freshful.ro/oferte/superpreturile-saptamanii","type":"promo","analyticsEventType":"select_promotion","analyticsEventPayload":{"promotion_id":"superpreturile-saptamanii","promotion_name":"Superprețurile zilei"}},"discountLabel":"Economisești 20%","geniusDiscountLabel":null,"badge":null},{"code":"100030286","variantCode":"5941065003337","name":"Lapte din inima Ardealului 1.5% grăsime 1l","slug":"100030286-napolact-lapte-din-inima-ardealului-1-5-grasime-1l","unitPriceLabel":"7,99 Lei/l","brand":"Napolact","brandCode":"79","brandFilterCode":"napolact-b77","sku":"100030286","price":7.99,"originalPrice":8.99,"currencyCode":"RON","currency":"Lei","image":{"thumbnail":{"default":"https://cdn.freshful.ro/media/cache/sylius_shop_product_thumbnail/22/a3/a03caf07fe96b2fbc4e3c67ac8ac.jpg"},"large":{"default":"https://cdn.freshful.ro/media/cache/freshful_large/22/a3/a03caf07fe96b2fbc4e3c67ac8ac.jpg"},"extralarge":{"default":"https://cdn.freshful.ro/media/cache/sylius_shop_product_original/22/a3/a03caf07fe96b2fbc4e3c67ac8ac.jpg"}},"label":{"text":"-11%","backgroundColor":"#FF9903","textColor":"#FFFFFF"},"tags":[{"type":"MadeInRomania","text":"Made In Romania","icon":"https://cdn.freshful.ro/assets/product_tags/made_in_romania.svg","iconPng":"https://cdn.freshful.ro/assets/product_tags/made_in_romania.png","backgroundColor":"#EDF2FD","textColor":"#1653CA"}],"isAvailable":true,"maxAvailableQuantity":4,"maxAllowedQuantity":4,"breadcrumbs":[{"code":"4","name":"Lactate & ouă","slug":"4-lactate-branzeturi-si-oua"},{"code":"401","name":"Lapte, smântână și brânză proaspătă","slug":"401-lapte-smantana-si-branza-proaspata"},{"code":"40101","name":"Lapte proaspăt","slug":"40101-lapte-proaspat"},{"code":"100030286","name":"Lapte din inima Ardealului 1.5% grăsime 1l","slug":"100030286-napolact-lapte-din-inima-ardealului-1-5-grasime-1l"}],"activePromotion":{"code":"freshful-top-deals-2023","name":"Preț redus","targetQuantity":null},"saveMe":null,"labels":[{"type":"v1","items":[{"text":"-11%","backgroundColor":"#FF9903","textColor":"#FFFFFF"}]}],"geniusPrice":null,"geniusUnitPricePerLabel":null,"banner":{"text":"Super preț","textColor":"#FF0000","bgColor":"#FFF2EC","icon":null,"link":"https://www.freshful.ro/oferte/freshful-top-deals-2023","type":"promo","analyticsEventType":"select_promotion","analyticsEventPayload":{"promotion_id":"freshful-top-deals-2023","promotion_name":"Profită de Top Deals"}},"discountLabel":"Economisești 11%","geniusDiscountLabel":null,"badge":null},{"code":"100142607","variantCode":"100142607","name":"Brânză de vaci 320g","slug":"100142607-artesana-branza-de-vaci-320g","unitPriceLabel":"31,22 Lei/kg","brand":"Artesana","brandCode":"218","brandFilterCode":"artesana-b219","sku":"100142607","price":9.99,"originalPrice":11.99,"currencyCode":"RON","currency":"Lei","image":{"thumbnail":{"default":"https://cdn.freshful.ro/media/cache/sylius_shop_product_thumbnail/b3/84/d796bb0d534619db196f8d0641be.jpg"},"large":{"default":"https://cdn.freshful.ro/media/cache/freshful_large/b3/84/d796bb0d534619db196f8d0641be.jpg"},"extralarge":{"default":"https://cdn.freshful.ro/media/cache/sylius_shop_product_original/b3/84/d796bb0d534619db196f8d0641be.jpg"}},"label":{"text":"-16%","backgroundColor":"#FF9903","textColor":"#FFFFFF"},"tags":[{"type":"MadeInRomania","text":"Made In Romania","icon":"https://cdn.freshful.ro/assets/product_tags/made_in_romania.svg","iconPng":"https://cdn.freshful.ro/assets/product_tags/made_in_romania.png","backgroundColor":"#EDF2FD","textColor":"#1653CA"}],"isAvailable":true,"maxAvailableQuantity":91,"maxAllowedQuantity":100,"breadcrumbs":[{"code":"4","name":"Lactate & ouă","slug":"4-lactate-branzeturi-si-oua"},{"code":"401","name":"Lapte, smântână și brânză proaspătă","slug":"401-lapte-smantana-si-branza-proaspata"},{"code":"40103","name":"Brânză proaspătă","slug":"40103-branza-proaspata"},{"code":"100142607","name":"Brânză de vaci 320g","slug":"100142607-artesana-branza-de-vaci-320g"}],"activePromotion":{"code":"bunatatile-saptamanii-cw0923","name":"Preț redus","targetQuantity":null},"saveMe":null,"labels":[{"type":"v1","items":[{"text":"-16%","backgroundColor":"#FF9903","textColor":"#FFFFFF"}]}],"geniusPrice":null,"geniusUnitPricePerLabel":null,"banner":{"text":"Super preț","textColor":"#FF0000","bgColor":"#FFF2EC","icon":null,"link":"https://www.freshful.ro/oferte/bunatatile-saptamanii-cw0923","type":"promo","analyticsEventType":"select_promotion","analyticsEventPayload":{"promotion_id":"bunatatile-saptamanii-cw0923","promotion_name":"Oferta proaspătă a săptămânii"}},"discountLabel":"Economisești 16%","geniusDiscountLabel":null,"badge":null},{"code":"100138896","variantCode":"100138896","name":"Lapte fără lactoză, 3.5% grăsime  1l","slug":"100138896-napolact-lapte-fara-lactoza-3-5-grasime-1l","unitPriceLabel":"8,99 Lei/l","brand":"Napolact","brandCode":"79","brandFilterCode":"napolact-b77","sku":"100138896","price":8.99,"originalPrice":10.99,"currencyCode":"RON","currency":"Lei","image":{"thumbnail":{"default":"https://cdn.freshful.ro/media/cache/sylius_shop_product_thumbnail/a3/0e/7879af512fb3b7de8b08f24fc0e0.jpg"},"large":{"default":"https://cdn.freshful.ro/media/cache/freshful_large/a3/0e/7879af512fb3b7de8b08f24fc0e0.jpg"},"extralarge":{"default":"https://cdn.freshful.ro/media/cache/sylius_shop_product_original/a3/0e/7879af512fb3b7de8b08f24fc0e0.jpg"}},"label":{"text":"-18%","backgroundColor":"#FF9903","textColor":"#FFFFFF"},"tags":[{"type":"LactoseFree","text":"Fara lactoza","icon":"https://cdn.freshful.ro/assets/product_tags/fara_lactoza.svg","iconPng":"https://cdn.freshful.ro/assets/product_tags/fara_lactoza.png","backgroundColor":"#E9F7FB","textColor":"#25A6D0"},{"type":"MadeInRomania","text":"Made In Romania","icon":"https://cdn.freshful.ro/assets/product_tags/made_in_romania.svg","iconPng":"https://cdn.freshful.ro/assets/product_tags/made_in_romania.png","backgroundColor":"#EDF2FD","textColor":"#1653CA"}],"isAvailable":true,"maxAvailableQuantity":100,"maxAllowedQuantity":100,"breadcrumbs":[{"code":"4","name":"Lactate & ouă","slug":"4-lactate-branzeturi-si-oua"},{"code":"401","name":"Lapte, smântână și brânză proaspătă","slug":"401-lapte-smantana-si-branza-proaspata"},{"code":"40101","name":"Lapte proaspăt","slug":"40101-lapte-proaspat"},{"code":"100138896","name":"Lapte fără lactoză, 3.5% grăsime  1l","slug":"100138896-napolact-lapte-fara-lactoza-3-5-grasime-1l"}],"activePromotion":{"code":"special-produse-vegane-mar23","name":"Preț redus","targetQuantity":null},"saveMe":null,"labels":[{"type":"v1","items":[{"text":"-18%","backgroundColor":"#FF9903","textColor":"#FFFFFF"}]}],"geniusPrice":null,"geniusUnitPricePerLabel":null,"banner":{"text":"Super preț","textColor":"#FF0000","bgColor":"#FFF2EC","icon":null,"link":"https://www.freshful.ro/oferte/special-produse-vegane-mar23","type":"promo","analyticsEventType":"select_promotion","analyticsEventPayload":{"promotion_id":"special-produse-vegane-mar23","promotion_name":"Și bun, și de post"}},"discountLabel":"Economisești 18%","geniusDiscountLabel":null,"badge":null},{"code":"100039334","variantCode":"5941872202275","name":"Smântână de Ibănești 15% grăsime 400g","slug":"100039334-mirdatod-smantana-de-ibanesti-15-grasime-400g","unitPriceLabel":"21,23 Lei/kg","brand":"Mirdatod","brandCode":"755","brandFilterCode":"mirdatod-b756","sku":"100039334","price":8.49,"originalPrice":9.99,"currencyCode":"RON","currency":"Lei","image":{"thumbnail":{"default":"https://cdn.freshful.ro/media/cache/sylius_shop_product_thumbnail/2d/93/581e6071e17fe6c8ef01ca674fe1.jpg"},"large":{"default":"https://cdn.freshful.ro/media/cache/freshful_large/2d/93/581e6071e17fe6c8ef01ca674fe1.jpg"},"extralarge":{"default":"https://cdn.freshful.ro/media/cache/sylius_shop_product_original/2d/93/581e6071e17fe6c8ef01ca674fe1.jpg"}},"label":{"text":"-15%","backgroundColor":"#FF9903","textColor":"#FFFFFF"},"tags":[{"type":"MadeInRomania","text":"Made In Romania","icon":"https://cdn.freshful.ro/assets/product_tags/made_in_romania.svg","iconPng":"https://cdn.freshful.ro/assets/product_tags/made_in_romania.png","backgroundColor":"#EDF2FD","textColor":"#1653CA"}],"isAvailable":true,"maxAvailableQuantity":82,"maxAllowedQuantity":100,"breadcrumbs":[{"code":"4","name":"Lactate & ouă","slug":"4-lactate-branzeturi-si-oua"},{"code":"401","name":"Lapte, smântână și brânză proaspătă","slug":"401-lapte-smantana-si-branza-proaspata"},{"code":"40102","name":"Smântână proaspătă","slug":"40102-smantana"},{"code":"100039334","name":"Smântână de Ibănești 15% grăsime 400g","slug":"100039334-mirdatod-smantana-de-ibanesti-15-grasime-400g"}],"activePromotion":{"code":"bunatatile-saptamanii-cw0923","name":"Preț redus","targetQuantity":null},"saveMe":null,"labels":[{"type":"v1","items":[{"text":"-15%","backgroundColor":"#FF9903","textColor":"#FFFFFF"}]}],"geniusPrice":null,"geniusUnitPricePerLabel":null,"banner":{"text":"Super preț","textColor":"#FF0000","bgColor":"#FFF2EC","icon":null,"link":"https://www.freshful.ro/oferte/bunatatile-saptamanii-cw0923","type":"promo","analyticsEventType":"select_promotion","analyticsEventPayload":{"promotion_id":"bunatatile-saptamanii-cw0923","promotion_name":"Oferta proaspătă a săptămânii"}},"discountLabel":"Economisești 15%","geniusDiscountLabel":null,"badge":null},{"code":"100138895","variantCode":"100138895","name":"Lapte fără lactoză 1.5% 1l","slug":"100138895-napolact-lapte-fara-lactoza-1-5-1l","unitPriceLabel":"8,99 Lei/l","brand":"Napolact","brandCode":"79","brandFilterCode":"napolact-b77","sku":"100138895","price":8.99,"originalPrice":10.49,"currencyCode":"RON","currency":"Lei","image":{"thumbnail":{"default":"https://cdn.freshful.ro/media/cache/sylius_shop_product_thumbnail/e1/cc/6fa61aea8235ca041ac4e0d1def2.jpg"},"large":{"default":"https://cdn.freshful.ro/media/cache/freshful_large/e1/cc/6fa61aea8235ca041ac4e0d1def2.jpg"},"extralarge":{"default":"https://cdn.freshful.ro/media/cache/sylius_shop_product_original/e1/cc/6fa61aea8235ca041ac4e0d1def2.jpg"}},"label":{"text":"-14%","backgroundColor":"#FF9903","textColor":"#FFFFFF"},"tags":[{"type":"LactoseFree","text":"Fara lactoza","icon":"https://cdn.freshful.ro/assets/product_tags/fara_lactoza.svg","iconPng":"https://cdn.freshful.ro/assets/product_tags/fara_lactoza.png","backgroundColor":"#E9F7FB","textColor":"#25A6D0"},{"type":"MadeInRomania","text":"Made In Romania","icon":"https://cdn.freshful.ro/assets/product_tags/made_in_romania.svg","iconPng":"https://cdn.freshful.ro/assets/product_tags/made_in_romania.png","backgroundColor":"#EDF2FD","textColor":"#1653CA"}],"isAvailable":true,"maxAvailableQuantity":100,"maxAllowedQuantity":100,"breadcrumbs":[{"code":"4","name":"Lactate & ouă","slug":"4-lactate-branzeturi-si-oua"},{"code":"401","name":"Lapte, smântână și brânză proaspătă","slug":"401-lapte-smantana-si-branza-proaspata"},{"code":"40101","name":"Lapte proaspăt","slug":"40101-lapte-proaspat"},{"code":"100138895","name":"Lapte fără lactoză 1.5% 1l","slug":"100138895-napolact-lapte-fara-lactoza-1-5-1l"}],"activePromotion":{"code":"special-produse-vegane-mar23","name":"Preț redus","targetQuantity":null},"saveMe":null,"labels":[{"type":"v1","items":[{"text":"-14%","backgroundColor":"#FF9903","textColor":"#FFFFFF"}]}],"geniusPrice":null,"geniusUnitPricePerLabel":null,"banner":{"text":"Super preț","textColor":"#FF0000","bgColor":"#FFF2EC","icon":null,"link":"https://www.freshful.ro/oferte/special-produse-vegane-mar23","type":"promo","analyticsEventType":"select_promotion","analyticsEventPayload":{"promotion_id":"special-produse-vegane-mar23","promotion_name":"Și bun, și de post"}},"discountLabel":"Economisești 14%","geniusDiscountLabel":null,"badge":null},{"code":"100003632","variantCode":"5941905044018","name":"Lapte de la vacă 3.8-4.1% grăsime 1l","slug":"100003632-laptaria-cu-caimac-lapte-de-la-vaca-3-8-4-1-grasime-1l","unitPriceLabel":"11,59 Lei/l","brand":"Lăptăria cu caimac","brandCode":"1","brandFilterCode":"laptaria-cu-caimac-b1","sku":"100003632","price":11.59,"originalPrice":null,"currencyCode":"RON","currency":"Lei","image":{"thumbnail":{"default":"https://cdn.freshful.ro/media/cache/sylius_shop_product_thumbnail/71/1e/7dddeae4da51a8a85dfd2c876a21.jpg"},"large":{"default":"https://cdn.freshful.ro/media/cache/freshful_large/71/1e/7dddeae4da51a8a85dfd2c876a21.jpg"},"extralarge":{"default":"https://cdn.freshful.ro/media/cache/sylius_shop_product_original/71/1e/7dddeae4da51a8a85dfd2c876a21.jpg"}},"label":null,"tags":[{"type":"MadeInRomania","text":"Made In Romania","icon":"https://cdn.freshful.ro/assets/product_tags/made_in_romania.svg","iconPng":"https://cdn.freshful.ro/assets/product_tags/made_in_romania.png","backgroundColor":"#EDF2FD","textColor":"#1653CA"}],"isAvailable":true,"maxAvailableQuantity":100,"maxAllowedQuantity":100,"breadcrumbs":[{"code":"4","name":"Lactate & ouă","slug":"4-lactate-branzeturi-si-oua"},{"code":"401","name":"Lapte, smântână și brânză proaspătă","slug":"401-lapte-smantana-si-branza-proaspata"},{"code":"40101","name":"Lapte proaspăt","slug":"40101-lapte-proaspat"},{"code":"100003632","name":"Lapte de la vacă 3.8-4.1% grăsime 1l","slug":"100003632-laptaria-cu-caimac-lapte-de-la-vaca-3-8-4-1-grasime-1l"}],"activePromotion":null,"saveMe":null,"labels":[],"geniusPrice":null,"geniusUnitPricePerLabel":null,"banner":null,"discountLabel":null,"geniusDiscountLabel":null,"badge":null},{"code":"100032059","variantCode":"100032059","name":"Lapte de consum 1.7% grăsime 1.5l","slug":"100032059-olympus-lapte-de-consum-1-7-grasime-1-5l","unitPriceLabel":"7,93 Lei/l","brand":"Olympus","brandCode":"45","brandFilterCode":"olympus-b40","sku":"100032059","price":11.89,"originalPrice":12.79,"currencyCode":"RON","currency":"Lei","image":{"thumbnail":{"default":"https://cdn.freshful.ro/media/cache/sylius_shop_product_thumbnail/72/96/0ae3363b0337c60c9df523713778.jpg"},"large":{"default":"https://cdn.freshful.ro/media/cache/freshful_large/72/96/0ae3363b0337c60c9df523713778.jpg"},"extralarge":{"default":"https://cdn.freshful.ro/media/cache/sylius_shop_product_original/72/96/0ae3363b0337c60c9df523713778.jpg"}},"label":{"text":"-7%","backgroundColor":"#FF9903","textColor":"#FFFFFF"},"tags":[{"type":"MadeInRomania","text":"Made In Romania","icon":"https://cdn.freshful.ro/assets/product_tags/made_in_romania.svg","iconPng":"https://cdn.freshful.ro/assets/product_tags/made_in_romania.png","backgroundColor":"#EDF2FD","textColor":"#1653CA"}],"isAvailable":true,"maxAvailableQuantity":4,"maxAllowedQuantity":4,"breadcrumbs":[{"code":"4","name":"Lactate & ouă","slug":"4-lactate-branzeturi-si-oua"},{"code":"401","name":"Lapte, smântână și brânză proaspătă","slug":"401-lapte-smantana-si-branza-proaspata"},{"code":"40101","name":"Lapte proaspăt","slug":"40101-lapte-proaspat"},{"code":"100032059","name":"Lapte de consum 1.7% grăsime 1.5l","slug":"100032059-olympus-lapte-de-consum-1-7-grasime-1-5l"}],"activePromotion":{"code":"freshful-top-deals-2023","name":"Preț redus","targetQuantity":null},"saveMe":null,"labels":[{"type":"v1","items":[{"text":"-7%","backgroundColor":"#FF9903","textColor":"#FFFFFF"}]}],"geniusPrice":null,"geniusUnitPricePerLabel":null,"banner":{"text":"Super preț","textColor":"#FF0000","bgColor":"#FFF2EC","icon":null,"link":"https://www.freshful.ro/oferte/freshful-top-deals-2023","type":"promo","analyticsEventType":"select_promotion","analyticsEventPayload":{"promotion_id":"freshful-top-deals-2023","promotion_name":"Profită de Top Deals"}},"discountLabel":"Economisești 7%","geniusDiscountLabel":null,"badge":null},{"code":"100003515","variantCode":"4025500135614","name":"Lapte cu banane 400g","slug":"100003515-muller-lapte-cu-banane-400g","unitPriceLabel":"17,23 Lei/kg","brand":"Müller","brandCode":"258","brandFilterCode":"muller-b259","sku":"100003515","price":6.89,"originalPrice":7.69,"currencyCode":"RON","currency":"Lei","image":{"thumbnail":{"default":"https://cdn.freshful.ro/media/cache/sylius_shop_product_thumbnail/08/86/62a122d1fef8b336014e7a70b2fe.jpg"},"large":{"default":"https://cdn.freshful.ro/media/cache/freshful_large/08/86/62a122d1fef8b336014e7a70b2fe.jpg"},"extralarge":{"default":"https://cdn.freshful.ro/media/cache/sylius_shop_product_original/08/86/62a122d1fef8b336014e7a70b2fe.jpg"}},"label":{"text":"-10%","backgroundColor":"#FF9903","textColor":"#FFFFFF"},"tags":[],"isAvailable":true,"maxAvailableQuantity":16,"maxAllowedQuantity":100,"breadcrumbs":[{"code":"4","name":"Lactate & ouă","slug":"4-lactate-branzeturi-si-oua"},{"code":"401","name":"Lapte, smântână și brânză proaspătă","slug":"401-lapte-smantana-si-branza-proaspata"},{"code":"40101","name":"Lapte proaspăt","slug":"40101-lapte-proaspat"},{"code":"100003515","name":"Lapte cu banane 400g","slug":"100003515-muller-lapte-cu-banane-400g"}],"activePromotion":{"code":"bunatatile-saptamanii-cw0923","name":"Preț redus","targetQuantity":null},"saveMe":null,"labels":[{"type":"v1","items":[{"text":"-10%","backgroundColor":"#FF9903","textColor":"#FFFFFF"}]}],"geniusPrice":null,"geniusUnitPricePerLabel":null,"banner":{"text":"Super preț","textColor":"#FF0000","bgColor":"#FFF2EC","icon":null,"link":"https://www.freshful.ro/oferte/bunatatile-saptamanii-cw0923","type":"promo","analyticsEventType":"select_promotion","analyticsEventPayload":{"promotion_id":"bunatatile-saptamanii-cw0923","promotion_name":"Oferta proaspătă a săptămânii"}},"discountLabel":"Economisești 10%","geniusDiscountLabel":null,"badge":null},{"code":"100003512","variantCode":"4025500132477","name":"Lapte cu ciocolată 400g","slug":"100003512-muller-lapte-cu-ciocolata-400g","unitPriceLabel":"17,23 Lei/kg","brand":"Müller","brandCode":"258","brandFilterCode":"muller-b259","sku":"100003512","price":6.89,"originalPrice":7.69,"currencyCode":"RON","currency":"Lei","image":{"thumbnail":{"default":"https://cdn.freshful.ro/media/cache/sylius_shop_product_thumbnail/44/8b/eeb18bee0623b879195d12849199.jpg"},"large":{"default":"https://cdn.freshful.ro/media/cache/freshful_large/44/8b/eeb18bee0623b879195d12849199.jpg"},"extralarge":{"default":"https://cdn.freshful.ro/media/cache/sylius_shop_product_original/44/8b/eeb18bee0623b879195d12849199.jpg"}},"label":{"text":"-10%","backgroundColor":"#FF9903","textColor":"#FFFFFF"},"tags":[],"isAvailable":true,"maxAvailableQuantity":19,"maxAllowedQuantity":100,"breadcrumbs":[{"code":"4","name":"Lactate & ouă","slug":"4-lactate-branzeturi-si-oua"},{"code":"401","name":"Lapte, smântână și brânză proaspătă","slug":"401-lapte-smantana-si-branza-proaspata"},{"code":"40101","name":"Lapte proaspăt","slug":"40101-lapte-proaspat"},{"code":"100003512","name":"Lapte cu ciocolată 400g","slug":"100003512-muller-lapte-cu-ciocolata-400g"}],"activePromotion":{"code":"bunatatile-saptamanii-cw0923","name":"Preț redus","targetQuantity":null},"saveMe":null,"labels":[{"type":"v1","items":[{"text":"-10%","backgroundColor":"#FF9903","textColor":"#FFFFFF"}]}],"geniusPrice":null,"geniusUnitPricePerLabel":null,"banner":{"text":"Super preț","textColor":"#FF0000","bgColor":"#FFF2EC","icon":null,"link":"https://www.freshful.ro/oferte/bunatatile-saptamanii-cw0923","type":"promo","analyticsEventType":"select_promotion","analyticsEventPayload":{"promotion_id":"bunatatile-saptamanii-cw0923","promotion_name":"Oferta proaspătă a săptămânii"}},"discountLabel":"Economisești 10%","geniusDiscountLabel":null,"badge":null}]},{"analyticsListId":"category-slot_402-unt-si-margarina","analyticsListName":"Category Slot - Unt","type":"products_carousel","title":"Unt","link":{"title":"Mai multe","count":47,"url":"/c/4-lactate-branzeturi-si-oua/402-unt-si-margarina"},"products":[{"code":"100038811","variantCode":"3228022000298","name":"Unt 40% grăsime, 250g","slug":"100038811-president-unt-40-grasime-250g","unitPriceLabel":"67,96 Lei/kg","brand":"President","brandCode":"593","brandFilterCode":"president-b594","sku":"100038811","price":16.99,"originalPrice":20.49,"currencyCode":"RON","currency":"Lei","image":{"thumbnail":{"default":"https://cdn.freshful.ro/media/cache/sylius_shop_product_thumbnail/4f/82/f993cccdb7330db55f3639d4fac9.jpg"},"large":{"default":"https://cdn.freshful.ro/media/cache/freshful_large/4f/82/f993cccdb7330db55f3639d4fac9.jpg"},"extralarge":{"default":"https://cdn.freshful.ro/media/cache/sylius_shop_product_original/4f/82/f993cccdb7330db55f3639d4fac9.jpg"}},"label":{"text":"-17%","backgroundColor":"#FF9903","textColor":"#FFFFFF"},"tags":[],"isAvailable":true,"maxAvailableQuantity":100,"maxAllowedQuantity":100,"breadcrumbs":[{"code":"4","name":"Lactate & ouă","slug":"4-lactate-branzeturi-si-oua"},{"code":"402","name":"Unt","slug":"402-unt-si-margarina"},{"code":"40201","name":"Unt dulce","slug":"40201-unt"},{"code":"100038811","name":"Unt 40% grăsime, 250g","slug":"100038811-president-unt-40-grasime-250g"}],"activePromotion":{"code":"bunatatile-saptamanii-cw0923","name":"Preț redus","targetQuantity":null},"saveMe":null,"labels":[{"type":"v1","items":[{"text":"-17%","backgroundColor":"#FF9903","textColor":"#FFFFFF"}]}],"geniusPrice":null,"geniusUnitPricePerLabel":null,"banner":{"text":"Super preț","textColor":"#FF0000","bgColor":"#FFF2EC","icon":null,"link":"https://www.freshful.ro/oferte/bunatatile-saptamanii-cw0923","type":"promo","analyticsEventType":"select_promotion","analyticsEventPayload":{"promotion_id":"bunatatile-saptamanii-cw0923","promotion_name":"Oferta proaspătă a săptămânii"}},"discountLabel":"Economisești 17%","geniusDiscountLabel":null,"badge":null},{"code":"100098585","variantCode":"8002710415367","name":"Unt 82% grăsime 250g","slug":"100098585-zanetti-unt-82-grasime-250g","unitPriceLabel":"91,96 Lei/kg","brand":"Zanetti","brandCode":"222","brandFilterCode":"zanetti-b223","sku":"100098585","price":22.99,"originalPrice":25.49,"currencyCode":"RON","currency":"Lei","image":{"thumbnail":{"default":"https://cdn.freshful.ro/media/cache/sylius_shop_product_thumbnail/b7/98/a1892a47ba4eb13139129af7747d.jpg"},"large":{"default":"https://cdn.freshful.ro/media/cache/freshful_large/b7/98/a1892a47ba4eb13139129af7747d.jpg"},"extralarge":{"default":"https://cdn.freshful.ro/media/cache/sylius_shop_product_original/b7/98/a1892a47ba4eb13139129af7747d.jpg"}},"label":{"text":"-9%","backgroundColor":"#FF9903","textColor":"#FFFFFF"},"tags":[],"isAvailable":true,"maxAvailableQuantity":16,"maxAllowedQuantity":100,"breadcrumbs":[{"code":"4","name":"Lactate & ouă","slug":"4-lactate-branzeturi-si-oua"},{"code":"402","name":"Unt","slug":"402-unt-si-margarina"},{"code":"40201","name":"Unt dulce","slug":"40201-unt"},{"code":"100098585","name":"Unt 82% grăsime 250g","slug":"100098585-zanetti-unt-82-grasime-250g"}],"activePromotion":{"code":"bunatatile-saptamanii-cw0923","name":"Preț redus","targetQuantity":null},"saveMe":null,"labels":[{"type":"v1","items":[{"text":"-9%","backgroundColor":"#FF9903","textColor":"#FFFFFF"}]}],"geniusPrice":null,"geniusUnitPricePerLabel":null,"banner":{"text":"Super preț","textColor":"#FF0000","bgColor":"#FFF2EC","icon":null,"link":"https://www.freshful.ro/oferte/bunatatile-saptamanii-cw0923","type":"promo","analyticsEventType":"select_promotion","analyticsEventPayload":{"promotion_id":"bunatatile-saptamanii-cw0923","promotion_name":"Oferta proaspătă a săptămânii"}},"discountLabel":"Economisești 9%","geniusDiscountLabel":null,"badge":null},{"code":"100134498","variantCode":"100134498","name":"Unt Pur 82% grăsime, 200g","slug":"100134498-nucet-unt-pur-82-grasime-200g","unitPriceLabel":"64,95 Lei/kg","brand":"Nucet","brandCode":"2518","brandFilterCode":"nucet-b2523","sku":"100134498","price":12.99,"originalPrice":null,"currencyCode":"RON","currency":"Lei","image":{"thumbnail":{"default":"https://cdn.freshful.ro/media/cache/sylius_shop_product_thumbnail/ec/ae/90d2f818f3546d2959a7b7390ef4.jpg"},"large":{"default":"https://cdn.freshful.ro/media/cache/freshful_large/ec/ae/90d2f818f3546d2959a7b7390ef4.jpg"},"extralarge":{"default":"https://cdn.freshful.ro/media/cache/sylius_shop_product_original/ec/ae/90d2f818f3546d2959a7b7390ef4.jpg"}},"label":{"text":"Primul preț","backgroundColor":"#3A0808","textColor":"#FFFFFF"},"tags":[{"type":"NoE","text":"Fara E-uri","icon":"https://cdn.freshful.ro/assets/product_tags/fara_euri.svg","iconPng":"https://cdn.freshful.ro/assets/product_tags/fara_euri.png","backgroundColor":"#FCF5DF","textColor":"#CAA316"},{"type":"MadeInRomania","text":"Made In Romania","icon":"https://cdn.freshful.ro/assets/product_tags/made_in_romania.svg","iconPng":"https://cdn.freshful.ro/assets/product_tags/made_in_romania.png","backgroundColor":"#EDF2FD","textColor":"#1653CA"}],"isAvailable":true,"maxAvailableQuantity":100,"maxAllowedQuantity":100,"breadcrumbs":[{"code":"4","name":"Lactate & ouă","slug":"4-lactate-branzeturi-si-oua"},{"code":"402","name":"Unt","slug":"402-unt-si-margarina"},{"code":"40201","name":"Unt dulce","slug":"40201-unt"},{"code":"100134498","name":"Unt Pur 82% grăsime, 200g","slug":"100134498-nucet-unt-pur-82-grasime-200g"}],"activePromotion":null,"saveMe":null,"labels":[{"type":"v4","items":[{"text":"Primul","backgroundColor":"#3A0808","textColor":"#FFFFFF"},{"text":"preț","backgroundColor":"#BC0606","textColor":"#FFFFFF"}]}],"geniusPrice":null,"geniusUnitPricePerLabel":null,"banner":null,"discountLabel":null,"geniusDiscountLabel":null,"badge":null},{"code":"100039328","variantCode":"5941872202060","name":"Unt de Ibănești 82% grăsime 200g","slug":"100039328-mirdatod-unt-de-ibanesti-82-grasime-200g","unitPriceLabel":"87,45 Lei/kg","brand":"Mirdatod","brandCode":"755","brandFilterCode":"mirdatod-b756","sku":"100039328","price":17.49,"originalPrice":null,"currencyCode":"RON","currency":"Lei","image":{"thumbnail":{"default":"https://cdn.freshful.ro/media/cache/sylius_shop_product_thumbnail/3f/0b/761da938f393b4d6982164ca640b.jpg"},"large":{"default":"https://cdn.freshful.ro/media/cache/freshful_large/3f/0b/761da938f393b4d6982164ca640b.jpg"},"extralarge":{"default":"https://cdn.freshful.ro/media/cache/sylius_shop_product_original/3f/0b/761da938f393b4d6982164ca640b.jpg"}},"label":{"text":"Mici producători","backgroundColor":"#7B61FF","textColor":"#FFFFFF"},"tags":[{"type":"MadeInRomania","text":"Made In Romania","icon":"https://cdn.freshful.ro/assets/product_tags/made_in_romania.svg","iconPng":"https://cdn.freshful.ro/assets/product_tags/made_in_romania.png","backgroundColor":"#EDF2FD","textColor":"#1653CA"}],"isAvailable":true,"maxAvailableQuantity":100,"maxAllowedQuantity":100,"breadcrumbs":[{"code":"4","name":"Lactate & ouă","slug":"4-lactate-branzeturi-si-oua"},{"code":"402","name":"Unt","slug":"402-unt-si-margarina"},{"code":"40201","name":"Unt dulce","slug":"40201-unt"},{"code":"100039328","name":"Unt de Ibănești 82% grăsime 200g","slug":"100039328-mirdatod-unt-de-ibanesti-82-grasime-200g"}],"activePromotion":null,"saveMe":null,"labels":[{"type":"v1","items":[{"text":"Mici producători","backgroundColor":"#7B61FF","textColor":"#FFFFFF"}]}],"geniusPrice":null,"geniusUnitPricePerLabel":null,"banner":null,"discountLabel":null,"geniusDiscountLabel":null,"badge":null},{"code":"100038806","variantCode":"3228022910023","name":"Unt nesărat, 82% grăsime, 200g","slug":"100038806-president-unt-nesarat-82-grasime-200g","unitPriceLabel":"102,45 Lei/kg","brand":"President","brandCode":"593","brandFilterCode":"president-b594","sku":"100038806","price":20.49,"originalPrice":null,"currencyCode":"RON","currency":"Lei","image":{"thumbnail":{"default":"https://cdn.freshful.ro/media/cache/sylius_shop_product_thumbnail/7a/78/eec276fd80fa15cd49dcb37fdaaf.jpg"},"large":{"default":"https://cdn.freshful.ro/media/cache/freshful_large/7a/78/eec276fd80fa15cd49dcb37fdaaf.jpg"},"extralarge":{"default":"https://cdn.freshful.ro/media/cache/sylius_shop_product_original/7a/78/eec276fd80fa15cd49dcb37fdaaf.jpg"}},"label":null,"tags":[{"type":"saltFree","text":"Fara sare","icon":"https://cdn.freshful.ro/assets/product_tags/salt_free.svg","iconPng":"https://cdn.freshful.ro/assets/product_tags/salt_free.png","backgroundColor":"#E9F6F1","textColor":"#46AB86"}],"isAvailable":true,"maxAvailableQuantity":100,"maxAllowedQuantity":100,"breadcrumbs":[{"code":"4","name":"Lactate & ouă","slug":"4-lactate-branzeturi-si-oua"},{"code":"402","name":"Unt","slug":"402-unt-si-margarina"},{"code":"40201","name":"Unt dulce","slug":"40201-unt"},{"code":"100038806","name":"Unt nesărat, 82% grăsime, 200g","slug":"100038806-president-unt-nesarat-82-grasime-200g"}],"activePromotion":null,"saveMe":null,"labels":[],"geniusPrice":null,"geniusUnitPricePerLabel":null,"banner":null,"discountLabel":null,"geniusDiscountLabel":null,"badge":null},{"code":"100035353","variantCode":"100035353","name":"Unt dulce 200g","slug":"100035353-kerrygold-unt-dulce-200g","unitPriceLabel":"102,45 Lei/kg","brand":"Kerrygold","brandCode":"71","brandFilterCode":"kerrygold-b69","sku":"100035353","price":20.49,"originalPrice":null,"currencyCode":"RON","currency":"Lei","image":{"thumbnail":{"default":"https://cdn.freshful.ro/media/cache/sylius_shop_product_thumbnail/54/6d/46a6a7393ef97c30a261a4b53696.jpg"},"large":{"default":"https://cdn.freshful.ro/media/cache/freshful_large/54/6d/46a6a7393ef97c30a261a4b53696.jpg"},"extralarge":{"default":"https://cdn.freshful.ro/media/cache/sylius_shop_product_original/54/6d/46a6a7393ef97c30a261a4b53696.jpg"}},"label":null,"tags":[],"isAvailable":true,"maxAvailableQuantity":100,"maxAllowedQuantity":100,"breadcrumbs":[{"code":"4","name":"Lactate & ouă","slug":"4-lactate-branzeturi-si-oua"},{"code":"402","name":"Unt","slug":"402-unt-si-margarina"},{"code":"40201","name":"Unt dulce","slug":"40201-unt"},{"code":"100035353","name":"Unt dulce 200g","slug":"100035353-kerrygold-unt-dulce-200g"}],"activePromotion":null,"saveMe":null,"labels":[],"geniusPrice":null,"geniusUnitPricePerLabel":null,"banner":null,"discountLabel":null,"geniusDiscountLabel":null,"badge":null},{"code":"100145106","variantCode":"100145106","name":"Unt irlandez natural, nesărat, 82% grăsime, 200g","slug":"100145106-dublin-dairy-unt-irlandez-natural-nesarat-82-grasime-200g","unitPriceLabel":"84,9 Lei/kg","brand":"Dublin Dairy","brandCode":"2803","brandFilterCode":"dublin-dairy-b2890","sku":"100145106","price":16.98,"originalPrice":null,"currencyCode":"RON","currency":"Lei","image":{"thumbnail":{"default":"https://cdn.freshful.ro/media/cache/sylius_shop_product_thumbnail/c5/e5/72b9476e45798ce094c3f535f08f.jpg"},"large":{"default":"https://cdn.freshful.ro/media/cache/freshful_large/c5/e5/72b9476e45798ce094c3f535f08f.jpg"},"extralarge":{"default":"https://cdn.freshful.ro/media/cache/sylius_shop_product_original/c5/e5/72b9476e45798ce094c3f535f08f.jpg"}},"label":null,"tags":[{"type":"saltFree","text":"Fara sare","icon":"https://cdn.freshful.ro/assets/product_tags/salt_free.svg","iconPng":"https://cdn.freshful.ro/assets/product_tags/salt_free.png","backgroundColor":"#E9F6F1","textColor":"#46AB86"},{"type":"Natural","text":"Natural","icon":"https://cdn.freshful.ro/assets/product_tags/natural.svg","iconPng":"https://cdn.freshful.ro/assets/product_tags/natural.png","backgroundColor":"#E9FCF2","textColor":"#18AF62"}],"isAvailable":true,"maxAvailableQuantity":100,"maxAllowedQuantity":100,"breadcrumbs":[{"code":"4","name":"Lactate & ouă","slug":"4-lactate-branzeturi-si-oua"},{"code":"402","name":"Unt","slug":"402-unt-si-margarina"},{"code":"40201","name":"Unt dulce","slug":"40201-unt"},{"code":"100145106","name":"Unt irlandez natural, nesărat, 82% grăsime, 200g","slug":"100145106-dublin-dairy-unt-irlandez-natural-nesarat-82-grasime-200g"}],"activePromotion":null,"saveMe":null,"labels":[],"geniusPrice":null,"geniusUnitPricePerLabel":null,"banner":null,"discountLabel":null,"geniusDiscountLabel":null,"badge":null},{"code":"100140628","variantCode":"100140628","name":"Unt 60% grăsime 180g","slug":"100140628-bunisim-unt-60-grasime-180g","unitPriceLabel":"47,5 Lei/kg","brand":"Bunisim","brandCode":"2691","brandFilterCode":"bunisim-b2694","sku":"100140628","price":8.55,"originalPrice":null,"currencyCode":"RON","currency":"Lei","image":{"thumbnail":{"default":"https://cdn.freshful.ro/media/cache/sylius_shop_product_thumbnail/97/18/95cf14dc84f1843ac775d4930401.jpg"},"large":{"default":"https://cdn.freshful.ro/media/cache/freshful_large/97/18/95cf14dc84f1843ac775d4930401.jpg"},"extralarge":{"default":"https://cdn.freshful.ro/media/cache/sylius_shop_product_original/97/18/95cf14dc84f1843ac775d4930401.jpg"}},"label":{"text":"Primul preț","backgroundColor":"#3A0808","textColor":"#FFFFFF"},"tags":[{"type":"MadeInRomania","text":"Made In Romania","icon":"https://cdn.freshful.ro/assets/product_tags/made_in_romania.svg","iconPng":"https://cdn.freshful.ro/assets/product_tags/made_in_romania.png","backgroundColor":"#EDF2FD","textColor":"#1653CA"}],"isAvailable":true,"maxAvailableQuantity":100,"maxAllowedQuantity":100,"breadcrumbs":[{"code":"4","name":"Lactate & ouă","slug":"4-lactate-branzeturi-si-oua"},{"code":"402","name":"Unt","slug":"402-unt-si-margarina"},{"code":"40201","name":"Unt dulce","slug":"40201-unt"},{"code":"100140628","name":"Unt 60% grăsime 180g","slug":"100140628-bunisim-unt-60-grasime-180g"}],"activePromotion":null,"saveMe":null,"labels":[{"type":"v4","items":[{"text":"Primul","backgroundColor":"#3A0808","textColor":"#FFFFFF"},{"text":"preț","backgroundColor":"#BC0606","textColor":"#FFFFFF"}]}],"geniusPrice":null,"geniusUnitPricePerLabel":null,"banner":null,"discountLabel":null,"geniusDiscountLabel":null,"badge":null},{"code":"100030345","variantCode":"5941065012056","name":"Unt 82% grăsime, 180g","slug":"100030345-napolact-unt-82-grasime-180g","unitPriceLabel":"111,06 Lei/kg","brand":"Napolact","brandCode":"79","brandFilterCode":"napolact-b77","sku":"100030345","price":19.99,"originalPrice":null,"currencyCode":"RON","currency":"Lei","image":{"thumbnail":{"default":"https://cdn.freshful.ro/media/cache/sylius_shop_product_thumbnail/67/f7/9540e6a62e6b06272781ee4708da.jpg"},"large":{"default":"https://cdn.freshful.ro/media/cache/freshful_large/67/f7/9540e6a62e6b06272781ee4708da.jpg"},"extralarge":{"default":"https://cdn.freshful.ro/media/cache/sylius_shop_product_original/67/f7/9540e6a62e6b06272781ee4708da.jpg"}},"label":null,"tags":[{"type":"MadeInRomania","text":"Made In Romania","icon":"https://cdn.freshful.ro/assets/product_tags/made_in_romania.svg","iconPng":"https://cdn.freshful.ro/assets/product_tags/made_in_romania.png","backgroundColor":"#EDF2FD","textColor":"#1653CA"}],"isAvailable":true,"maxAvailableQuantity":100,"maxAllowedQuantity":100,"breadcrumbs":[{"code":"4","name":"Lactate & ouă","slug":"4-lactate-branzeturi-si-oua"},{"code":"402","name":"Unt","slug":"402-unt-si-margarina"},{"code":"40201","name":"Unt dulce","slug":"40201-unt"},{"code":"100030345","name":"Unt 82% grăsime, 180g","slug":"100030345-napolact-unt-82-grasime-180g"}],"activePromotion":null,"saveMe":null,"labels":[],"geniusPrice":null,"geniusUnitPricePerLabel":null,"banner":null,"discountLabel":null,"geniusDiscountLabel":null,"badge":null},{"code":"100004029","variantCode":"5941355000220","name":"Unt de masă B, 65% grăsime, 200g","slug":"100004029-de-albalact-unt-de-masa-b-65-grasime-200g","unitPriceLabel":"68,75 Lei/kg","brand":"De Albalact","brandCode":"9","brandFilterCode":"de-albalact-b82","sku":"100004029","price":13.75,"originalPrice":null,"currencyCode":"RON","currency":"Lei","image":{"thumbnail":{"default":"https://cdn.freshful.ro/media/cache/sylius_shop_product_thumbnail/49/8c/ab7e72a0f63a5b1e9460fd124ce2.jpg"},"large":{"default":"https://cdn.freshful.ro/media/cache/freshful_large/49/8c/ab7e72a0f63a5b1e9460fd124ce2.jpg"},"extralarge":{"default":"https://cdn.freshful.ro/media/cache/sylius_shop_product_original/49/8c/ab7e72a0f63a5b1e9460fd124ce2.jpg"}},"label":null,"tags":[{"type":"MadeInRomania","text":"Made In Romania","icon":"https://cdn.freshful.ro/assets/product_tags/made_in_romania.svg","iconPng":"https://cdn.freshful.ro/assets/product_tags/made_in_romania.png","backgroundColor":"#EDF2FD","textColor":"#1653CA"}],"isAvailable":true,"maxAvailableQuantity":100,"maxAllowedQuantity":100,"breadcrumbs":[{"code":"4","name":"Lactate & ouă","slug":"4-lactate-branzeturi-si-oua"},{"code":"402","name":"Unt","slug":"402-unt-si-margarina"},{"code":"40201","name":"Unt dulce","slug":"40201-unt"},{"code":"100004029","name":"Unt de masă B, 65% grăsime, 200g","slug":"100004029-de-albalact-unt-de-masa-b-65-grasime-200g"}],"activePromotion":null,"saveMe":null,"labels":[],"geniusPrice":null,"geniusUnitPricePerLabel":null,"banner":null,"discountLabel":null,"geniusDiscountLabel":null,"badge":null}]},{"analyticsListId":"category-slot_403-lactate-uht","analyticsListName":"Category Slot - Lactate UHT","type":"products_carousel","title":"Lactate UHT","link":{"title":"Mai multe","count":51,"url":"/c/4-lactate-branzeturi-si-oua/403-lactate-uht"},"products":[{"code":"100032072","variantCode":"5941875904138","name":"Smântână lichidă 35% grăsime 1l","slug":"100032072-olympus-smantana-lichida-35-grasime-1l","unitPriceLabel":"23,99 Lei/l","brand":"Olympus","brandCode":"45","brandFilterCode":"olympus-b40","sku":"100032072","price":23.99,"originalPrice":31.99,"currencyCode":"RON","currency":"Lei","image":{"thumbnail":{"default":"https://cdn.freshful.ro/media/cache/sylius_shop_product_thumbnail/9c/cb/645792492ba8f7e9849e149b5f40.jpg"},"large":{"default":"https://cdn.freshful.ro/media/cache/freshful_large/9c/cb/645792492ba8f7e9849e149b5f40.jpg"},"extralarge":{"default":"https://cdn.freshful.ro/media/cache/sylius_shop_product_original/9c/cb/645792492ba8f7e9849e149b5f40.jpg"}},"label":{"text":"-25%","backgroundColor":"#FF9903","textColor":"#FFFFFF"},"tags":[],"isAvailable":true,"maxAvailableQuantity":100,"maxAllowedQuantity":100,"breadcrumbs":[{"code":"4","name":"Lactate & ouă","slug":"4-lactate-branzeturi-si-oua"},{"code":"403","name":"Lactate UHT","slug":"403-lactate-uht"},{"code":"40303","name":"Smântână, sosuri și creme UHT","slug":"40303-smantana-sosuri-si-creme-uht"},{"code":"100032072","name":"Smântână lichidă 35% grăsime 1l","slug":"100032072-olympus-smantana-lichida-35-grasime-1l"}],"activePromotion":{"code":"bunatatile-saptamanii-cw0923","name":"Preț redus","targetQuantity":null},"saveMe":null,"labels":[{"type":"v1","items":[{"text":"-25%","backgroundColor":"#FF9903","textColor":"#FFFFFF"}]}],"geniusPrice":null,"geniusUnitPricePerLabel":null,"banner":{"text":"Super preț","textColor":"#FF0000","bgColor":"#FFF2EC","icon":null,"link":"https://www.freshful.ro/oferte/bunatatile-saptamanii-cw0923","type":"promo","analyticsEventType":"select_promotion","analyticsEventPayload":{"promotion_id":"bunatatile-saptamanii-cw0923","promotion_name":"Oferta proaspătă a săptămânii"}},"discountLabel":"Economisești 25%","geniusDiscountLabel":null,"badge":null},{"code":"100032073","variantCode":"5203149006215","name":"Smântână lichidă, 20% grăsime 200ml","slug":"100032073-olympus-smantana-lichida-20-grasime-200ml","unitPriceLabel":"29,95 Lei/l","brand":"Olympus","brandCode":"45","brandFilterCode":"olympus-b40","sku":"100032073","price":5.99,"originalPrice":null,"currencyCode":"RON","currency":"Lei","image":{"thumbnail":{"default":"https://cdn.freshful.ro/media/cache/sylius_shop_product_thumbnail/04/5b/47cfb56cfb72a94ddaf31a1d2412.jpg"},"large":{"default":"https://cdn.freshful.ro/media/cache/freshful_large/04/5b/47cfb56cfb72a94ddaf31a1d2412.jpg"},"extralarge":{"default":"https://cdn.freshful.ro/media/cache/sylius_shop_product_original/04/5b/47cfb56cfb72a94ddaf31a1d2412.jpg"}},"label":null,"tags":[],"isAvailable":true,"maxAvailableQuantity":100,"maxAllowedQuantity":100,"breadcrumbs":[{"code":"4","name":"Lactate & ouă","slug":"4-lactate-branzeturi-si-oua"},{"code":"403","name":"Lactate UHT","slug":"403-lactate-uht"},{"code":"40303","name":"Smântână, sosuri și creme UHT","slug":"40303-smantana-sosuri-si-creme-uht"},{"code":"100032073","name":"Smântână lichidă, 20% grăsime 200ml","slug":"100032073-olympus-smantana-lichida-20-grasime-200ml"}],"activePromotion":null,"saveMe":null,"labels":[],"geniusPrice":null,"geniusUnitPricePerLabel":null,"banner":null,"discountLabel":null,"geniusDiscountLabel":null,"badge":null},{"code":"100038789","variantCode":"5941192110861","name":"Lapte UHT fără lactoză, 1.5% grăsime, „Zile ușoare” 1l","slug":"100038789-ladorna-lapte-uht-fara-lactoza-1-5-grasime-zile-usoare-1l","unitPriceLabel":"10,79 Lei/l","brand":"LaDORNA","brandCode":"594","brandFilterCode":"ladorna-b595","sku":"100038789","price":10.79,"originalPrice":null,"currencyCode":"RON","currency":"Lei","image":{"thumbnail":{"default":"https://cdn.freshful.ro/media/cache/sylius_shop_product_thumbnail/5d/8d/cf6300b4f91156f6b0a3df446a6a.jpg"},"large":{"default":"https://cdn.freshful.ro/media/cache/freshful_large/5d/8d/cf6300b4f91156f6b0a3df446a6a.jpg"},"extralarge":{"default":"https://cdn.freshful.ro/media/cache/sylius_shop_product_original/5d/8d/cf6300b4f91156f6b0a3df446a6a.jpg"}},"label":null,"tags":[{"type":"LactoseFree","text":"Fara lactoza","icon":"https://cdn.freshful.ro/assets/product_tags/fara_lactoza.svg","iconPng":"https://cdn.freshful.ro/assets/product_tags/fara_lactoza.png","backgroundColor":"#E9F7FB","textColor":"#25A6D0"},{"type":"MadeInRomania","text":"Made In Romania","icon":"https://cdn.freshful.ro/assets/product_tags/made_in_romania.svg","iconPng":"https://cdn.freshful.ro/assets/product_tags/made_in_romania.png","backgroundColor":"#EDF2FD","textColor":"#1653CA"}],"isAvailable":true,"maxAvailableQuantity":100,"maxAllowedQuantity":100,"breadcrumbs":[{"code":"4","name":"Lactate & ouă","slug":"4-lactate-branzeturi-si-oua"},{"code":"403","name":"Lactate UHT","slug":"403-lactate-uht"},{"code":"40301","name":"Lapte UHT","slug":"40301-lapte-uht"},{"code":"100038789","name":"Lapte UHT fără lactoză, 1.5% grăsime, „Zile ușoare” 1l","slug":"100038789-ladorna-lapte-uht-fara-lactoza-1-5-grasime-zile-usoare-1l"}],"activePromotion":null,"saveMe":null,"labels":[],"geniusPrice":null,"geniusUnitPricePerLabel":null,"banner":null,"discountLabel":null,"geniusDiscountLabel":null,"badge":null},{"code":"100032077","variantCode":"5203149006208","name":"Smântână lichidă UHT 35% grăsime 200ml","slug":"100032077-olympus-smantana-lichida-uht-35-grasime-200ml","unitPriceLabel":"36,95 Lei/kg","brand":"Olympus","brandCode":"45","brandFilterCode":"olympus-b40","sku":"100032077","price":7.39,"originalPrice":null,"currencyCode":"RON","currency":"Lei","image":{"thumbnail":{"default":"https://cdn.freshful.ro/media/cache/sylius_shop_product_thumbnail/ab/59/a8ae09a9175923c5c6ed716cdac5.jpg"},"large":{"default":"https://cdn.freshful.ro/media/cache/freshful_large/ab/59/a8ae09a9175923c5c6ed716cdac5.jpg"},"extralarge":{"default":"https://cdn.freshful.ro/media/cache/sylius_shop_product_original/ab/59/a8ae09a9175923c5c6ed716cdac5.jpg"}},"label":null,"tags":[],"isAvailable":true,"maxAvailableQuantity":100,"maxAllowedQuantity":100,"breadcrumbs":[{"code":"4","name":"Lactate & ouă","slug":"4-lactate-branzeturi-si-oua"},{"code":"403","name":"Lactate UHT","slug":"403-lactate-uht"},{"code":"40303","name":"Smântână, sosuri și creme UHT","slug":"40303-smantana-sosuri-si-creme-uht"},{"code":"100032077","name":"Smântână lichidă UHT 35% grăsime 200ml","slug":"100032077-olympus-smantana-lichida-uht-35-grasime-200ml"}],"activePromotion":null,"saveMe":null,"labels":[],"geniusPrice":null,"geniusUnitPricePerLabel":null,"banner":null,"discountLabel":null,"geniusDiscountLabel":null,"badge":null},{"code":"100143780","variantCode":"100143780","name":"Lapte UHT 1.5% grăsime 1l","slug":"100143780-no-brand-lapte-uht-1-5-grasime-1l","unitPriceLabel":"5,7 Lei/l","brand":"Sole","brandCode":"3005","brandFilterCode":"sole-b3099","sku":"100143780","price":5.7,"originalPrice":null,"currencyCode":"RON","currency":"Lei","image":{"thumbnail":{"default":"https://cdn.freshful.ro/media/cache/sylius_shop_product_thumbnail/13/f3/b46539f51a2a14134ced7b9eb594.jpg"},"large":{"default":"https://cdn.freshful.ro/media/cache/freshful_large/13/f3/b46539f51a2a14134ced7b9eb594.jpg"},"extralarge":{"default":"https://cdn.freshful.ro/media/cache/sylius_shop_product_original/13/f3/b46539f51a2a14134ced7b9eb594.jpg"}},"label":{"text":"Primul preț","backgroundColor":"#3A0808","textColor":"#FFFFFF"},"tags":[],"isAvailable":true,"maxAvailableQuantity":100,"maxAllowedQuantity":100,"breadcrumbs":[{"code":"4","name":"Lactate & ouă","slug":"4-lactate-branzeturi-si-oua"},{"code":"403","name":"Lactate UHT","slug":"403-lactate-uht"},{"code":"40301","name":"Lapte UHT","slug":"40301-lapte-uht"},{"code":"100143780","name":"Lapte UHT 1.5% grăsime 1l","slug":"100143780-no-brand-lapte-uht-1-5-grasime-1l"}],"activePromotion":null,"saveMe":null,"labels":[{"type":"v4","items":[{"text":"Primul","backgroundColor":"#3A0808","textColor":"#FFFFFF"},{"text":"preț","backgroundColor":"#BC0606","textColor":"#FFFFFF"}]}],"geniusPrice":null,"geniusUnitPricePerLabel":null,"banner":null,"discountLabel":null,"geniusDiscountLabel":null,"badge":null},{"code":"100038791","variantCode":"5941192110885","name":"Lapte UHT fără lactoză, 3.5% grăsime, „Zile ușoare” 1l","slug":"100038791-ladorna-lapte-uht-fara-lactoza-3-5-grasime-zile-usoare-1l","unitPriceLabel":"11,49 Lei/l","brand":"LaDORNA","brandCode":"594","brandFilterCode":"ladorna-b595","sku":"100038791","price":11.49,"originalPrice":null,"currencyCode":"RON","currency":"Lei","image":{"thumbnail":{"default":"https://cdn.freshful.ro/media/cache/sylius_shop_product_thumbnail/92/e0/698a6efda85202f55d27023671bf.jpg"},"large":{"default":"https://cdn.freshful.ro/media/cache/freshful_large/92/e0/698a6efda85202f55d27023671bf.jpg"},"extralarge":{"default":"https://cdn.freshful.ro/media/cache/sylius_shop_product_original/92/e0/698a6efda85202f55d27023671bf.jpg"}},"label":null,"tags":[{"type":"LactoseFree","text":"Fara lactoza","icon":"https://cdn.freshful.ro/assets/product_tags/fara_lactoza.svg","iconPng":"https://cdn.freshful.ro/assets/product_tags/fara_lactoza.png","backgroundColor":"#E9F7FB","textColor":"#25A6D0"},{"type":"MadeInRomania","text":"Made In Romania","icon":"https://cdn.freshful.ro/assets/product_tags/made_in_romania.svg","iconPng":"https://cdn.freshful.ro/assets/product_tags/made_in_romania.png","backgroundColor":"#EDF2FD","textColor":"#1653CA"}],"isAvailable":true,"maxAvailableQuantity":100,"maxAllowedQuantity":100,"breadcrumbs":[{"code":"4","name":"Lactate & ouă","slug":"4-lactate-branzeturi-si-oua"},{"code":"403","name":"Lactate UHT","slug":"403-lactate-uht"},{"code":"40301","name":"Lapte UHT","slug":"40301-lapte-uht"},{"code":"100038791","name":"Lapte UHT fără lactoză, 3.5% grăsime, „Zile ușoare” 1l","slug":"100038791-ladorna-lapte-uht-fara-lactoza-3-5-grasime-zile-usoare-1l"}],"activePromotion":null,"saveMe":null,"labels":[],"geniusPrice":null,"geniusUnitPricePerLabel":null,"banner":null,"discountLabel":null,"geniusDiscountLabel":null,"badge":null},{"code":"100038786","variantCode":"5941192101838","name":"Lapte UHT 1.5% grăsime 1l","slug":"100038786-ladorna-lapte-uht-1-5-grasime-1l","unitPriceLabel":"7,79 Lei/l","brand":"LaDORNA","brandCode":"594","brandFilterCode":"ladorna-b595","sku":"100038786","price":7.79,"originalPrice":null,"currencyCode":"RON","currency":"Lei","image":{"thumbnail":{"default":"https://cdn.freshful.ro/media/cache/sylius_shop_product_thumbnail/61/fa/362447654a9b3b23b1c80e805181.jpg"},"large":{"default":"https://cdn.freshful.ro/media/cache/freshful_large/61/fa/362447654a9b3b23b1c80e805181.jpg"},"extralarge":{"default":"https://cdn.freshful.ro/media/cache/sylius_shop_product_original/61/fa/362447654a9b3b23b1c80e805181.jpg"}},"label":null,"tags":[{"type":"MadeInRomania","text":"Made In Romania","icon":"https://cdn.freshful.ro/assets/product_tags/made_in_romania.svg","iconPng":"https://cdn.freshful.ro/assets/product_tags/made_in_romania.png","backgroundColor":"#EDF2FD","textColor":"#1653CA"}],"isAvailable":true,"maxAvailableQuantity":100,"maxAllowedQuantity":100,"breadcrumbs":[{"code":"4","name":"Lactate & ouă","slug":"4-lactate-branzeturi-si-oua"},{"code":"403","name":"Lactate UHT","slug":"403-lactate-uht"},{"code":"40301","name":"Lapte UHT","slug":"40301-lapte-uht"},{"code":"100038786","name":"Lapte UHT 1.5% grăsime 1l","slug":"100038786-ladorna-lapte-uht-1-5-grasime-1l"}],"activePromotion":null,"saveMe":null,"labels":[],"geniusPrice":null,"geniusUnitPricePerLabel":null,"banner":null,"discountLabel":null,"geniusDiscountLabel":null,"badge":null},{"code":"100128874","variantCode":"100128874","name":"Lapte Barista UHT 3.5% grăsime 1l","slug":"100128874-meggle-lapte-barista-uht-3-5-grasime-1l","unitPriceLabel":"10,89 Lei/l","brand":"Meggle","brandCode":"497","brandFilterCode":"meggle-b498","sku":"100128874","price":10.89,"originalPrice":null,"currencyCode":"RON","currency":"Lei","image":{"thumbnail":{"default":"https://cdn.freshful.ro/media/cache/sylius_shop_product_thumbnail/71/12/b994bf89bdff835787e35ed196c1.jpg"},"large":{"default":"https://cdn.freshful.ro/media/cache/freshful_large/71/12/b994bf89bdff835787e35ed196c1.jpg"},"extralarge":{"default":"https://cdn.freshful.ro/media/cache/sylius_shop_product_original/71/12/b994bf89bdff835787e35ed196c1.jpg"}},"label":null,"tags":[],"isAvailable":true,"maxAvailableQuantity":100,"maxAllowedQuantity":100,"breadcrumbs":[{"code":"4","name":"Lactate & ouă","slug":"4-lactate-branzeturi-si-oua"},{"code":"403","name":"Lactate UHT","slug":"403-lactate-uht"},{"code":"40301","name":"Lapte UHT","slug":"40301-lapte-uht"},{"code":"100128874","name":"Lapte Barista UHT 3.5% grăsime 1l","slug":"100128874-meggle-lapte-barista-uht-3-5-grasime-1l"}],"activePromotion":null,"saveMe":null,"labels":[],"geniusPrice":null,"geniusUnitPricePerLabel":null,"banner":null,"discountLabel":null,"geniusDiscountLabel":null,"badge":null},{"code":"100038796","variantCode":"5941192110519","name":"Smântână UHT pentru gătit 20% grăsime 200ml","slug":"100038796-ladorna-smantana-uht-pentru-gatit-20-grasime-200ml","unitPriceLabel":"33,45 Lei/l","brand":"LaDORNA","brandCode":"594","brandFilterCode":"ladorna-b595","sku":"100038796","price":6.69,"originalPrice":null,"currencyCode":"RON","currency":"Lei","image":{"thumbnail":{"default":"https://cdn.freshful.ro/media/cache/sylius_shop_product_thumbnail/73/07/c533fb8f6cb25236a6a393c2c5dc.jpg"},"large":{"default":"https://cdn.freshful.ro/media/cache/freshful_large/73/07/c533fb8f6cb25236a6a393c2c5dc.jpg"},"extralarge":{"default":"https://cdn.freshful.ro/media/cache/sylius_shop_product_original/73/07/c533fb8f6cb25236a6a393c2c5dc.jpg"}},"label":null,"tags":[{"type":"MadeInRomania","text":"Made In Romania","icon":"https://cdn.freshful.ro/assets/product_tags/made_in_romania.svg","iconPng":"https://cdn.freshful.ro/assets/product_tags/made_in_romania.png","backgroundColor":"#EDF2FD","textColor":"#1653CA"}],"isAvailable":true,"maxAvailableQuantity":100,"maxAllowedQuantity":100,"breadcrumbs":[{"code":"4","name":"Lactate & ouă","slug":"4-lactate-branzeturi-si-oua"},{"code":"403","name":"Lactate UHT","slug":"403-lactate-uht"},{"code":"40303","name":"Smântână, sosuri și creme UHT","slug":"40303-smantana-sosuri-si-creme-uht"},{"code":"100038796","name":"Smântână UHT pentru gătit 20% grăsime 200ml","slug":"100038796-ladorna-smantana-uht-pentru-gatit-20-grasime-200ml"}],"activePromotion":null,"saveMe":null,"labels":[],"geniusPrice":null,"geniusUnitPricePerLabel":null,"banner":null,"discountLabel":null,"geniusDiscountLabel":null,"badge":null},{"code":"100140929","variantCode":"100140929","name":"Lapte Barista UHT pentru cafea 3,5% grăsime, 1l","slug":"100140929-zuzu-barista-lapte-barista-uht-pentru-cafea-3-5-grasime-1l","unitPriceLabel":"9,85 Lei/l","brand":"Zuzu Barista","brandCode":"2697","brandFilterCode":"zuzu-barista-b2705","sku":"100140929","price":9.85,"originalPrice":null,"currencyCode":"RON","currency":"Lei","image":{"thumbnail":{"default":"https://cdn.freshful.ro/media/cache/sylius_shop_product_thumbnail/35/bb/7fd6a42145bd4536f280dc6eefce.jpg"},"large":{"default":"https://cdn.freshful.ro/media/cache/freshful_large/35/bb/7fd6a42145bd4536f280dc6eefce.jpg"},"extralarge":{"default":"https://cdn.freshful.ro/media/cache/sylius_shop_product_original/35/bb/7fd6a42145bd4536f280dc6eefce.jpg"}},"label":null,"tags":[],"isAvailable":true,"maxAvailableQuantity":100,"maxAllowedQuantity":100,"breadcrumbs":[{"code":"4","name":"Lactate & ouă","slug":"4-lactate-branzeturi-si-oua"},{"code":"403","name":"Lactate UHT","slug":"403-lactate-uht"},{"code":"40301","name":"Lapte UHT","slug":"40301-lapte-uht"},{"code":"100140929","name":"Lapte Barista UHT pentru cafea 3,5% grăsime, 1l","slug":"100140929-zuzu-barista-lapte-barista-uht-pentru-cafea-3-5-grasime-1l"}],"activePromotion":null,"saveMe":null,"labels":[],"geniusPrice":null,"geniusUnitPricePerLabel":null,"banner":null,"discountLabel":null,"geniusDiscountLabel":null,"badge":null}]},{"analyticsListId":"category-slot_404-iaurt-desert-si-sana","analyticsListName":"Category Slot - Iaurt, desert și sana","type":"products_carousel","title":"Iaurt, desert și sana","link":{"title":"Mai multe","count":260,"url":"/c/4-lactate-branzeturi-si-oua/404-iaurt-desert-si-sana"},"products":[{"code":"100143880","variantCode":"100143880","name":"Iaurt grecesc 10% grăsime, 500g","slug":"100143880-kolios-iaurt-grecesc-10-grasime-500g","unitPriceLabel":"25,98 Lei/kg","brand":"Kolios","brandCode":"2781","brandFilterCode":"kolios-b2855","sku":"100143880","price":12.99,"originalPrice":null,"currencyCode":"RON","currency":"Lei","image":{"thumbnail":{"default":"https://cdn.freshful.ro/media/cache/sylius_shop_product_thumbnail/2b/51/7076ecb270baf7e50099506a2ed3.jpg"},"large":{"default":"https://cdn.freshful.ro/media/cache/freshful_large/2b/51/7076ecb270baf7e50099506a2ed3.jpg"},"extralarge":{"default":"https://cdn.freshful.ro/media/cache/sylius_shop_product_original/2b/51/7076ecb270baf7e50099506a2ed3.jpg"}},"label":{"text":"-20% cu Genius","backgroundColor":"#FEF3FA","textColor":"#CD015F"},"tags":[{"type":"Natural","text":"Natural","icon":"https://cdn.freshful.ro/assets/product_tags/natural.svg","iconPng":"https://cdn.freshful.ro/assets/product_tags/natural.png","backgroundColor":"#E9FCF2","textColor":"#18AF62"}],"isAvailable":true,"maxAvailableQuantity":100,"maxAllowedQuantity":100,"breadcrumbs":[{"code":"4","name":"Lactate & ouă","slug":"4-lactate-branzeturi-si-oua"},{"code":"404","name":"Iaurt, desert și sana","slug":"404-iaurt-desert-si-sana"},{"code":"40403","name":"Iaurt simplu","slug":"40403-iaurt-simplu"},{"code":"100143880","name":"Iaurt grecesc 10% grăsime, 500g","slug":"100143880-kolios-iaurt-grecesc-10-grasime-500g"}],"activePromotion":null,"saveMe":null,"labels":[{"type":"gdeals","items":[{"text":"","backgroundColor":"","textColor":""}]},{"type":"v3","items":[{"text":"-20% cu Genius","backgroundColor":"#FEF3FA","textColor":"#CD015F"}]}],"geniusPrice":10.39,"geniusUnitPricePerLabel":"20,78 Lei/kg","banner":null,"discountLabel":null,"geniusDiscountLabel":"Economisești 20%","badge":null},{"code":"100035556","variantCode":"5941850960616","name":"Kefir din lapte de capră 300g","slug":"100035556-gustolact-kefir-din-lapte-de-capra-300g","unitPriceLabel":"18,3 Lei/kg","brand":"Gustolact","brandCode":"501","brandFilterCode":"gustolact-b502","sku":"100035556","price":5.49,"originalPrice":6.49,"currencyCode":"RON","currency":"Lei","image":{"thumbnail":{"default":"https://cdn.freshful.ro/media/cache/sylius_shop_product_thumbnail/c9/05/bb60e749a4ac7952f7bed9a42b9c.jpg"},"large":{"default":"https://cdn.freshful.ro/media/cache/freshful_large/c9/05/bb60e749a4ac7952f7bed9a42b9c.jpg"},"extralarge":{"default":"https://cdn.freshful.ro/media/cache/sylius_shop_product_original/c9/05/bb60e749a4ac7952f7bed9a42b9c.jpg"}},"label":{"text":"-15%","backgroundColor":"#FF9903","textColor":"#FFFFFF"},"tags":[{"type":"MadeInRomania","text":"Made In Romania","icon":"https://cdn.freshful.ro/assets/product_tags/made_in_romania.svg","iconPng":"https://cdn.freshful.ro/assets/product_tags/made_in_romania.png","backgroundColor":"#EDF2FD","textColor":"#1653CA"}],"isAvailable":true,"maxAvailableQuantity":58,"maxAllowedQuantity":100,"breadcrumbs":[{"code":"4","name":"Lactate & ouă","slug":"4-lactate-branzeturi-si-oua"},{"code":"404","name":"Iaurt, desert și sana","slug":"404-iaurt-desert-si-sana"},{"code":"40410","name":"Lapte bătut, chefir și sana","slug":"40410-lapte-batut-chefir-si-sana"},{"code":"100035556","name":"Kefir din lapte de capră 300g","slug":"100035556-gustolact-kefir-din-lapte-de-capra-300g"}],"activePromotion":{"code":"bunatatile-saptamanii-cw0923","name":"Preț redus","targetQuantity":null},"saveMe":null,"labels":[{"type":"v1","items":[{"text":"-15%","backgroundColor":"#FF9903","textColor":"#FFFFFF"}]}],"geniusPrice":null,"geniusUnitPricePerLabel":null,"banner":{"text":"Super preț","textColor":"#FF0000","bgColor":"#FFF2EC","icon":null,"link":"https://www.freshful.ro/oferte/bunatatile-saptamanii-cw0923","type":"promo","analyticsEventType":"select_promotion","analyticsEventPayload":{"promotion_id":"bunatatile-saptamanii-cw0923","promotion_name":"Oferta proaspătă a săptămânii"}},"discountLabel":"Economisești 15%","geniusDiscountLabel":null,"badge":null},{"code":"100145104","variantCode":"100145104","name":"Profiterol 450g","slug":"100145104-dolce-italia-profiterol-450g","unitPriceLabel":"46,64 Lei/kg","brand":"Dolce Italia","brandCode":"2802","brandFilterCode":"dolce-italia-b2889","sku":"100145104","price":20.99,"originalPrice":23.49,"currencyCode":"RON","currency":"Lei","image":{"thumbnail":{"default":"https://cdn.freshful.ro/media/cache/sylius_shop_product_thumbnail/72/8e/0ebac27bb0639003c956c07a02c3.jpg"},"large":{"default":"https://cdn.freshful.ro/media/cache/freshful_large/72/8e/0ebac27bb0639003c956c07a02c3.jpg"},"extralarge":{"default":"https://cdn.freshful.ro/media/cache/sylius_shop_product_original/72/8e/0ebac27bb0639003c956c07a02c3.jpg"}},"label":{"text":"-10%","backgroundColor":"#FF9903","textColor":"#FFFFFF"},"tags":[],"isAvailable":true,"maxAvailableQuantity":83,"maxAllowedQuantity":100,"breadcrumbs":[{"code":"4","name":"Lactate & ouă","slug":"4-lactate-branzeturi-si-oua"},{"code":"404","name":"Iaurt, desert și sana","slug":"404-iaurt-desert-si-sana"},{"code":"40409","name":"Deserturi","slug":"40409-deserturi"},{"code":"100145104","name":"Profiterol 450g","slug":"100145104-dolce-italia-profiterol-450g"}],"activePromotion":{"code":"bunatatile-saptamanii-cw0923","name":"Preț redus","targetQuantity":null},"saveMe":null,"labels":[{"type":"v1","items":[{"text":"-10%","backgroundColor":"#FF9903","textColor":"#FFFFFF"}]}],"geniusPrice":null,"geniusUnitPricePerLabel":null,"banner":{"text":"Super preț","textColor":"#FF0000","bgColor":"#FFF2EC","icon":null,"link":"https://www.freshful.ro/oferte/bunatatile-saptamanii-cw0923","type":"promo","analyticsEventType":"select_promotion","analyticsEventPayload":{"promotion_id":"bunatatile-saptamanii-cw0923","promotion_name":"Oferta proaspătă a săptămânii"}},"discountLabel":"Economisești 10%","geniusDiscountLabel":null,"badge":null},{"code":"100145105","variantCode":"100145105","name":"Tiramisu 500g","slug":"100145105-dolce-italia-tiramisu-500g","unitPriceLabel":"41,98 Lei/kg","brand":"Dolce Italia","brandCode":"2802","brandFilterCode":"dolce-italia-b2889","sku":"100145105","price":20.99,"originalPrice":23.49,"currencyCode":"RON","currency":"Lei","image":{"thumbnail":{"default":"https://cdn.freshful.ro/media/cache/sylius_shop_product_thumbnail/9f/dd/d79c09bd79eb7a8980e534f6f9d8.jpg"},"large":{"default":"https://cdn.freshful.ro/media/cache/freshful_large/9f/dd/d79c09bd79eb7a8980e534f6f9d8.jpg"},"extralarge":{"default":"https://cdn.freshful.ro/media/cache/sylius_shop_product_original/9f/dd/d79c09bd79eb7a8980e534f6f9d8.jpg"}},"label":{"text":"-10%","backgroundColor":"#FF9903","textColor":"#FFFFFF"},"tags":[{"type":"NoPreservatives","text":"Fara conservanti","icon":"https://cdn.freshful.ro/assets/product_tags/fara_conservanti.svg","iconPng":"https://cdn.freshful.ro/assets/product_tags/fara_conservanti.png","backgroundColor":"#F0F2FF","textColor":"#7889DD"}],"isAvailable":true,"maxAvailableQuantity":56,"maxAllowedQuantity":100,"breadcrumbs":[{"code":"4","name":"Lactate & ouă","slug":"4-lactate-branzeturi-si-oua"},{"code":"404","name":"Iaurt, desert și sana","slug":"404-iaurt-desert-si-sana"},{"code":"40409","name":"Deserturi","slug":"40409-deserturi"},{"code":"100145105","name":"Tiramisu 500g","slug":"100145105-dolce-italia-tiramisu-500g"}],"activePromotion":{"code":"bunatatile-saptamanii-cw0923","name":"Preț redus","targetQuantity":null},"saveMe":null,"labels":[{"type":"v1","items":[{"text":"-10%","backgroundColor":"#FF9903","textColor":"#FFFFFF"}]}],"geniusPrice":null,"geniusUnitPricePerLabel":null,"banner":{"text":"Super preț","textColor":"#FF0000","bgColor":"#FFF2EC","icon":null,"link":"https://www.freshful.ro/oferte/bunatatile-saptamanii-cw0923","type":"promo","analyticsEventType":"select_promotion","analyticsEventPayload":{"promotion_id":"bunatatile-saptamanii-cw0923","promotion_name":"Oferta proaspătă a săptămânii"}},"discountLabel":"Economisești 10%","geniusDiscountLabel":null,"badge":null},{"code":"100032081","variantCode":"5941875901496","name":"Iaurt cu specific grecesc natur 10% grăsime 4x150g","slug":"100032081-olympus-iaurt-cu-specific-grecesc-natur-10-grasime-4x150g","unitPriceLabel":"19,48 Lei/kg","brand":"Olympus","brandCode":"45","brandFilterCode":"olympus-b40","sku":"100032081","price":11.69,"originalPrice":null,"currencyCode":"RON","currency":"Lei","image":{"thumbnail":{"default":"https://cdn.freshful.ro/media/cache/sylius_shop_product_thumbnail/5e/d8/510f38d8bdd7e5240bd7178a3e45.jpg"},"large":{"default":"https://cdn.freshful.ro/media/cache/freshful_large/5e/d8/510f38d8bdd7e5240bd7178a3e45.jpg"},"extralarge":{"default":"https://cdn.freshful.ro/media/cache/sylius_shop_product_original/5e/d8/510f38d8bdd7e5240bd7178a3e45.jpg"}},"label":null,"tags":[{"type":"MadeInRomania","text":"Made In Romania","icon":"https://cdn.freshful.ro/assets/product_tags/made_in_romania.svg","iconPng":"https://cdn.freshful.ro/assets/product_tags/made_in_romania.png","backgroundColor":"#EDF2FD","textColor":"#1653CA"}],"isAvailable":true,"maxAvailableQuantity":100,"maxAllowedQuantity":100,"breadcrumbs":[{"code":"4","name":"Lactate & ouă","slug":"4-lactate-branzeturi-si-oua"},{"code":"404","name":"Iaurt, desert și sana","slug":"404-iaurt-desert-si-sana"},{"code":"40403","name":"Iaurt simplu","slug":"40403-iaurt-simplu"},{"code":"100032081","name":"Iaurt cu specific grecesc natur 10% grăsime 4x150g","slug":"100032081-olympus-iaurt-cu-specific-grecesc-natur-10-grasime-4x150g"}],"activePromotion":null,"saveMe":null,"labels":[],"geniusPrice":null,"geniusUnitPricePerLabel":null,"banner":null,"discountLabel":null,"geniusDiscountLabel":null,"badge":null},{"code":"100032038","variantCode":"5941875901502","name":"Iaurt cu specific grecesc, 2% grăsime 4x150g","slug":"100032038-olympus-iaurt-cu-specific-grecesc-2-grasime-4x150g","unitPriceLabel":"19,48 Lei/kg","brand":"Olympus","brandCode":"45","brandFilterCode":"olympus-b40","sku":"100032038","price":11.69,"originalPrice":null,"currencyCode":"RON","currency":"Lei","image":{"thumbnail":{"default":"https://cdn.freshful.ro/media/cache/sylius_shop_product_thumbnail/82/85/4e42a0cdf364dc7fcb74340ca275.jpg"},"large":{"default":"https://cdn.freshful.ro/media/cache/freshful_large/82/85/4e42a0cdf364dc7fcb74340ca275.jpg"},"extralarge":{"default":"https://cdn.freshful.ro/media/cache/sylius_shop_product_original/82/85/4e42a0cdf364dc7fcb74340ca275.jpg"}},"label":null,"tags":[],"isAvailable":true,"maxAvailableQuantity":100,"maxAllowedQuantity":100,"breadcrumbs":[{"code":"4","name":"Lactate & ouă","slug":"4-lactate-branzeturi-si-oua"},{"code":"404","name":"Iaurt, desert și sana","slug":"404-iaurt-desert-si-sana"},{"code":"40403","name":"Iaurt simplu","slug":"40403-iaurt-simplu"},{"code":"100032038","name":"Iaurt cu specific grecesc, 2% grăsime 4x150g","slug":"100032038-olympus-iaurt-cu-specific-grecesc-2-grasime-4x150g"}],"activePromotion":null,"saveMe":null,"labels":[],"geniusPrice":null,"geniusUnitPricePerLabel":null,"banner":null,"discountLabel":null,"geniusDiscountLabel":null,"badge":null},{"code":"100003641","variantCode":"5941905044049","name":"Iaurt natural 5% grăsime 300g","slug":"100003641-laptaria-cu-caimac-iaurt-natural-5-grasime-300g","unitPriceLabel":"26,63 Lei/kg","brand":"Lăptăria cu caimac","brandCode":"1","brandFilterCode":"laptaria-cu-caimac-b1","sku":"100003641","price":7.99,"originalPrice":null,"currencyCode":"RON","currency":"Lei","image":{"thumbnail":{"default":"https://cdn.freshful.ro/media/cache/sylius_shop_product_thumbnail/ca/16/481a7d8fb849728f4698d922eef1.jpg"},"large":{"default":"https://cdn.freshful.ro/media/cache/freshful_large/ca/16/481a7d8fb849728f4698d922eef1.jpg"},"extralarge":{"default":"https://cdn.freshful.ro/media/cache/sylius_shop_product_original/ca/16/481a7d8fb849728f4698d922eef1.jpg"}},"label":null,"tags":[{"type":"Natural","text":"Natural","icon":"https://cdn.freshful.ro/assets/product_tags/natural.svg","iconPng":"https://cdn.freshful.ro/assets/product_tags/natural.png","backgroundColor":"#E9FCF2","textColor":"#18AF62"},{"type":"MadeInRomania","text":"Made In Romania","icon":"https://cdn.freshful.ro/assets/product_tags/made_in_romania.svg","iconPng":"https://cdn.freshful.ro/assets/product_tags/made_in_romania.png","backgroundColor":"#EDF2FD","textColor":"#1653CA"}],"isAvailable":true,"maxAvailableQuantity":100,"maxAllowedQuantity":100,"breadcrumbs":[{"code":"4","name":"Lactate & ouă","slug":"4-lactate-branzeturi-si-oua"},{"code":"404","name":"Iaurt, desert și sana","slug":"404-iaurt-desert-si-sana"},{"code":"40403","name":"Iaurt simplu","slug":"40403-iaurt-simplu"},{"code":"100003641","name":"Iaurt natural 5% grăsime 300g","slug":"100003641-laptaria-cu-caimac-iaurt-natural-5-grasime-300g"}],"activePromotion":null,"saveMe":null,"labels":[],"geniusPrice":null,"geniusUnitPricePerLabel":null,"banner":null,"discountLabel":null,"geniusDiscountLabel":null,"badge":null},{"code":"100030303","variantCode":"5941065012438","name":"Chefir 3.3% grăsime 900g","slug":"100030303-napolact-chefir-3-3-grasime-900g","unitPriceLabel":"11,1 Lei/kg","brand":"Napolact","brandCode":"79","brandFilterCode":"napolact-b77","sku":"100030303","price":9.99,"originalPrice":null,"currencyCode":"RON","currency":"Lei","image":{"thumbnail":{"default":"https://cdn.freshful.ro/media/cache/sylius_shop_product_thumbnail/0b/13/58cb3c037e849239fea17ca2aa6b.jpg"},"large":{"default":"https://cdn.freshful.ro/media/cache/freshful_large/0b/13/58cb3c037e849239fea17ca2aa6b.jpg"},"extralarge":{"default":"https://cdn.freshful.ro/media/cache/sylius_shop_product_original/0b/13/58cb3c037e849239fea17ca2aa6b.jpg"}},"label":null,"tags":[{"type":"MadeInRomania","text":"Made In Romania","icon":"https://cdn.freshful.ro/assets/product_tags/made_in_romania.svg","iconPng":"https://cdn.freshful.ro/assets/product_tags/made_in_romania.png","backgroundColor":"#EDF2FD","textColor":"#1653CA"}],"isAvailable":true,"maxAvailableQuantity":100,"maxAllowedQuantity":100,"breadcrumbs":[{"code":"4","name":"Lactate & ouă","slug":"4-lactate-branzeturi-si-oua"},{"code":"404","name":"Iaurt, desert și sana","slug":"404-iaurt-desert-si-sana"},{"code":"40410","name":"Lapte bătut, chefir și sana","slug":"40410-lapte-batut-chefir-si-sana"},{"code":"100030303","name":"Chefir 3.3% grăsime 900g","slug":"100030303-napolact-chefir-3-3-grasime-900g"}],"activePromotion":null,"saveMe":null,"labels":[],"geniusPrice":null,"geniusUnitPricePerLabel":null,"banner":null,"discountLabel":null,"geniusDiscountLabel":null,"badge":null},{"code":"100030301","variantCode":"5941065012421","name":"Chefir 3.3% grăsime 330g","slug":"100030301-napolact-chefir-3-3-grasime-330g","unitPriceLabel":"15,73 Lei/kg","brand":"Napolact","brandCode":"79","brandFilterCode":"napolact-b77","sku":"100030301","price":5.19,"originalPrice":null,"currencyCode":"RON","currency":"Lei","image":{"thumbnail":{"default":"https://cdn.freshful.ro/media/cache/sylius_shop_product_thumbnail/72/56/791d8af44166050b278532d14ab4.jpg"},"large":{"default":"https://cdn.freshful.ro/media/cache/freshful_large/72/56/791d8af44166050b278532d14ab4.jpg"},"extralarge":{"default":"https://cdn.freshful.ro/media/cache/sylius_shop_product_original/72/56/791d8af44166050b278532d14ab4.jpg"}},"label":null,"tags":[{"type":"MadeInRomania","text":"Made In Romania","icon":"https://cdn.freshful.ro/assets/product_tags/made_in_romania.svg","iconPng":"https://cdn.freshful.ro/assets/product_tags/made_in_romania.png","backgroundColor":"#EDF2FD","textColor":"#1653CA"}],"isAvailable":true,"maxAvailableQuantity":100,"maxAllowedQuantity":100,"breadcrumbs":[{"code":"4","name":"Lactate & ouă","slug":"4-lactate-branzeturi-si-oua"},{"code":"404","name":"Iaurt, desert și sana","slug":"404-iaurt-desert-si-sana"},{"code":"40410","name":"Lapte bătut, chefir și sana","slug":"40410-lapte-batut-chefir-si-sana"},{"code":"100030301","name":"Chefir 3.3% grăsime 330g","slug":"100030301-napolact-chefir-3-3-grasime-330g"}],"activePromotion":null,"saveMe":null,"labels":[],"geniusPrice":null,"geniusUnitPricePerLabel":null,"banner":null,"discountLabel":null,"geniusDiscountLabel":null,"badge":null},{"code":"100003485","variantCode":"4025500186821","name":"Kefir Kalinka 500g","slug":"100003485-muller-kefir-kalinka-500g","unitPriceLabel":"14,1 Lei/kg","brand":"Müller","brandCode":"258","brandFilterCode":"muller-b259","sku":"100003485","price":7.05,"originalPrice":null,"currencyCode":"RON","currency":"Lei","image":{"thumbnail":{"default":"https://cdn.freshful.ro/media/cache/sylius_shop_product_thumbnail/4a/84/1b0da0326e2f1d7d974e340a79ae.jpg"},"large":{"default":"https://cdn.freshful.ro/media/cache/freshful_large/4a/84/1b0da0326e2f1d7d974e340a79ae.jpg"},"extralarge":{"default":"https://cdn.freshful.ro/media/cache/sylius_shop_product_original/4a/84/1b0da0326e2f1d7d974e340a79ae.jpg"}},"label":null,"tags":[],"isAvailable":true,"maxAvailableQuantity":100,"maxAllowedQuantity":100,"breadcrumbs":[{"code":"4","name":"Lactate & ouă","slug":"4-lactate-branzeturi-si-oua"},{"code":"404","name":"Iaurt, desert și sana","slug":"404-iaurt-desert-si-sana"},{"code":"40407","name":"Lactate dietetice","slug":"40407-lactate-dietetice"},{"code":"100003485","name":"Kefir Kalinka 500g","slug":"100003485-muller-kefir-kalinka-500g"}],"activePromotion":null,"saveMe":null,"labels":[],"geniusPrice":null,"geniusUnitPricePerLabel":null,"banner":null,"discountLabel":null,"geniusDiscountLabel":null,"badge":null}]},{"analyticsListId":"category-slot_405-oua","analyticsListName":"Category Slot - Ouă","type":"products_carousel","title":"Ouă","link":{"title":"Mai multe","count":20,"url":"/c/4-lactate-branzeturi-si-oua/405-oua"},"products":[{"code":"100045317","variantCode":"6425309000010","name":"Ouă de prepelițe hrănite natural 24 buc","slug":"100045317-ecofarm-oua-de-prepelite-hranite-natural-24-buc","unitPriceLabel":"29,97 Lei/kg","brand":"Ecofarm","brandCode":"828","brandFilterCode":"ecofarm-b829","sku":"100045317","price":8.99,"originalPrice":10.99,"currencyCode":"RON","currency":"Lei","image":{"thumbnail":{"default":"https://cdn.freshful.ro/media/cache/sylius_shop_product_thumbnail/6b/7b/76b7a484f313f628334efbe5f8fc.jpg"},"large":{"default":"https://cdn.freshful.ro/media/cache/freshful_large/6b/7b/76b7a484f313f628334efbe5f8fc.jpg"},"extralarge":{"default":"https://cdn.freshful.ro/media/cache/sylius_shop_product_original/6b/7b/76b7a484f313f628334efbe5f8fc.jpg"}},"label":{"text":"-18%","backgroundColor":"#FF9903","textColor":"#FFFFFF"},"tags":[{"type":"MadeInRomania","text":"Made In Romania","icon":"https://cdn.freshful.ro/assets/product_tags/made_in_romania.svg","iconPng":"https://cdn.freshful.ro/assets/product_tags/made_in_romania.png","backgroundColor":"#EDF2FD","textColor":"#1653CA"}],"isAvailable":true,"maxAvailableQuantity":100,"maxAllowedQuantity":100,"breadcrumbs":[{"code":"4","name":"Lactate & ouă","slug":"4-lactate-branzeturi-si-oua"},{"code":"405","name":"Ouă","slug":"405-oua"},{"code":"40501","name":"Ouă de prepeliță","slug":"40501-oua-de-prepelita"},{"code":"100045317","name":"Ouă de prepelițe hrănite natural 24 buc","slug":"100045317-ecofarm-oua-de-prepelite-hranite-natural-24-buc"}],"activePromotion":{"code":"bunatatile-saptamanii-cw0923","name":"Preț redus","targetQuantity":null},"saveMe":null,"labels":[{"type":"v1","items":[{"text":"-18%","backgroundColor":"#FF9903","textColor":"#FFFFFF"}]}],"geniusPrice":null,"geniusUnitPricePerLabel":null,"banner":{"text":"Super preț","textColor":"#FF0000","bgColor":"#FFF2EC","icon":null,"link":"https://www.freshful.ro/oferte/bunatatile-saptamanii-cw0923","type":"promo","analyticsEventType":"select_promotion","analyticsEventPayload":{"promotion_id":"bunatatile-saptamanii-cw0923","promotion_name":"Oferta proaspătă a săptămânii"}},"discountLabel":"Economisești 18%","geniusDiscountLabel":null,"badge":null},{"code":"100101624","variantCode":"100101624","name":"Ouă ecologice, mărime M, cod 0, 6 buc","slug":"100101624-cortina-bio-oua-ecologice-marime-m-cod-0-6-buc","unitPriceLabel":"1,92 Lei/buc","brand":"Cortina Bio","brandCode":"1576","brandFilterCode":"cortina-bio-b1580","sku":"100101624","price":11.49,"originalPrice":null,"currencyCode":"RON","currency":"Lei","image":{"thumbnail":{"default":"https://cdn.freshful.ro/media/cache/sylius_shop_product_thumbnail/3f/7c/1aa0c4d83f1e0724f37505209eab.jpg"},"large":{"default":"https://cdn.freshful.ro/media/cache/freshful_large/3f/7c/1aa0c4d83f1e0724f37505209eab.jpg"},"extralarge":{"default":"https://cdn.freshful.ro/media/cache/sylius_shop_product_original/3f/7c/1aa0c4d83f1e0724f37505209eab.jpg"}},"label":{"text":"-20% cu Genius","backgroundColor":"#FEF3FA","textColor":"#CD015F"},"tags":[{"type":"MadeInRomania","text":"Made In Romania","icon":"https://cdn.freshful.ro/assets/product_tags/made_in_romania.svg","iconPng":"https://cdn.freshful.ro/assets/product_tags/made_in_romania.png","backgroundColor":"#EDF2FD","textColor":"#1653CA"},{"type":"Eco","text":"Eco","icon":"https://cdn.freshful.ro/assets/product_tags/eco.svg","iconPng":"https://cdn.freshful.ro/assets/product_tags/eco.png","backgroundColor":"#EFFBE4","textColor":"#66BB1B"}],"isAvailable":true,"maxAvailableQuantity":72,"maxAllowedQuantity":100,"breadcrumbs":[{"code":"4","name":"Lactate & ouă","slug":"4-lactate-branzeturi-si-oua"},{"code":"405","name":"Ouă","slug":"405-oua"},{"code":"40502","name":"Ouă găină cod 0 ECO","slug":"40502-oua-gaina-cod-0-ecologice"},{"code":"100101624","name":"Ouă ecologice, mărime M, cod 0, 6 buc","slug":"100101624-cortina-bio-oua-ecologice-marime-m-cod-0-6-buc"}],"activePromotion":null,"saveMe":null,"labels":[{"type":"gdeals","items":[{"text":"","backgroundColor":"","textColor":""}]},{"type":"v3","items":[{"text":"-20% cu Genius","backgroundColor":"#FEF3FA","textColor":"#CD015F"}]}],"geniusPrice":9.19,"geniusUnitPricePerLabel":"1,53 Lei/buc","banner":null,"discountLabel":null,"geniusDiscountLabel":"Economisești 20%","badge":null},{"code":"100059930","variantCode":"100059930","name":"Ouă ecologice, mărime M-L, cod 0, 10 buc","slug":"100059930-oua-de-tara-oua-ecologice-marime-m-l-cod-0-10-buc","unitPriceLabel":"1,8 Lei/buc","brand":"Ouă de țară","brandCode":"916","brandFilterCode":"oua-de-tara-b917","sku":"100059930","price":17.99,"originalPrice":null,"currencyCode":"RON","currency":"Lei","image":{"thumbnail":{"default":"https://cdn.freshful.ro/media/cache/sylius_shop_product_thumbnail/47/06/d94d8203653e4f253637f154c1a3.jpg"},"large":{"default":"https://cdn.freshful.ro/media/cache/freshful_large/47/06/d94d8203653e4f253637f154c1a3.jpg"},"extralarge":{"default":"https://cdn.freshful.ro/media/cache/sylius_shop_product_original/47/06/d94d8203653e4f253637f154c1a3.jpg"}},"label":null,"tags":[{"type":"Eco","text":"Eco","icon":"https://cdn.freshful.ro/assets/product_tags/eco.svg","iconPng":"https://cdn.freshful.ro/assets/product_tags/eco.png","backgroundColor":"#EFFBE4","textColor":"#66BB1B"}],"isAvailable":true,"maxAvailableQuantity":100,"maxAllowedQuantity":100,"breadcrumbs":[{"code":"4","name":"Lactate & ouă","slug":"4-lactate-branzeturi-si-oua"},{"code":"405","name":"Ouă","slug":"405-oua"},{"code":"40502","name":"Ouă găină cod 0 ECO","slug":"40502-oua-gaina-cod-0-ecologice"},{"code":"100059930","name":"Ouă ecologice, mărime M-L, cod 0, 10 buc","slug":"100059930-oua-de-tara-oua-ecologice-marime-m-l-cod-0-10-buc"}],"activePromotion":null,"saveMe":null,"labels":[],"geniusPrice":null,"geniusUnitPricePerLabel":null,"banner":null,"discountLabel":null,"geniusDiscountLabel":null,"badge":null},{"code":"100038980","variantCode":"5941460008562","name":"Ouă Chef, mărime L, cod 2, 20 buc","slug":"100038980-agricola-oua-chef-marime-l-cod-2-20-buc","unitPriceLabel":"1,05 Lei/buc","brand":"Agricola","brandCode":"70","brandFilterCode":"agricola-b68","sku":"100038980","price":20.99,"originalPrice":null,"currencyCode":"RON","currency":"Lei","image":{"thumbnail":{"default":"https://cdn.freshful.ro/media/cache/sylius_shop_product_thumbnail/1a/fb/7194a29c3f9145ecce2daa90deaa.jpg"},"large":{"default":"https://cdn.freshful.ro/media/cache/freshful_large/1a/fb/7194a29c3f9145ecce2daa90deaa.jpg"},"extralarge":{"default":"https://cdn.freshful.ro/media/cache/sylius_shop_product_original/1a/fb/7194a29c3f9145ecce2daa90deaa.jpg"}},"label":null,"tags":[{"type":"MadeInRomania","text":"Made In Romania","icon":"https://cdn.freshful.ro/assets/product_tags/made_in_romania.svg","iconPng":"https://cdn.freshful.ro/assets/product_tags/made_in_romania.png","backgroundColor":"#EDF2FD","textColor":"#1653CA"}],"isAvailable":true,"maxAvailableQuantity":100,"maxAllowedQuantity":100,"breadcrumbs":[{"code":"4","name":"Lactate & ouă","slug":"4-lactate-branzeturi-si-oua"},{"code":"405","name":"Ouă","slug":"405-oua"},{"code":"40504","name":"Ouă găină cod 2","slug":"40504-oua-gaina-cod-2"},{"code":"100038980","name":"Ouă Chef, mărime L, cod 2, 20 buc","slug":"100038980-agricola-oua-chef-marime-l-cod-2-20-buc"}],"activePromotion":null,"saveMe":null,"labels":[],"geniusPrice":null,"geniusUnitPricePerLabel":null,"banner":null,"discountLabel":null,"geniusDiscountLabel":null,"badge":null},{"code":"100086728","variantCode":"100086728","name":"Ouă proaspete, mărime M, cod 2, 10 buc","slug":"100086728-din-ograda-oua-proaspete-marime-m-cod-2-10-buc","unitPriceLabel":"1,06 Lei/buc","brand":"Din Ogradă","brandCode":"1499","brandFilterCode":"din-ograda-b1503","sku":"100086728","price":10.55,"originalPrice":null,"currencyCode":"RON","currency":"Lei","image":{"thumbnail":{"default":"https://cdn.freshful.ro/media/cache/sylius_shop_product_thumbnail/71/9c/0959d595805f2aa499b10a6a745b.jpg"},"large":{"default":"https://cdn.freshful.ro/media/cache/freshful_large/71/9c/0959d595805f2aa499b10a6a745b.jpg"},"extralarge":{"default":"https://cdn.freshful.ro/media/cache/sylius_shop_product_original/71/9c/0959d595805f2aa499b10a6a745b.jpg"}},"label":{"text":"Primul preț","backgroundColor":"#3A0808","textColor":"#FFFFFF"},"tags":[{"type":"MadeInRomania","text":"Made In Romania","icon":"https://cdn.freshful.ro/assets/product_tags/made_in_romania.svg","iconPng":"https://cdn.freshful.ro/assets/product_tags/made_in_romania.png","backgroundColor":"#EDF2FD","textColor":"#1653CA"}],"isAvailable":true,"maxAvailableQuantity":100,"maxAllowedQuantity":100,"breadcrumbs":[{"code":"4","name":"Lactate & ouă","slug":"4-lactate-branzeturi-si-oua"},{"code":"405","name":"Ouă","slug":"405-oua"},{"code":"40504","name":"Ouă găină cod 2","slug":"40504-oua-gaina-cod-2"},{"code":"100086728","name":"Ouă proaspete, mărime M, cod 2, 10 buc","slug":"100086728-din-ograda-oua-proaspete-marime-m-cod-2-10-buc"}],"activePromotion":null,"saveMe":null,"labels":[{"type":"v4","items":[{"text":"Primul","backgroundColor":"#3A0808","textColor":"#FFFFFF"},{"text":"preț","backgroundColor":"#BC0606","textColor":"#FFFFFF"}]}],"geniusPrice":null,"geniusUnitPricePerLabel":null,"banner":null,"discountLabel":null,"geniusDiscountLabel":null,"badge":null},{"code":"100038979","variantCode":"5941460013559","name":"Ouă Chef, mărime L, cod 2, 10 buc","slug":"100038979-agricola-oua-chef-marime-l-cod-2-10-buc","unitPriceLabel":"1,4 Lei/buc","brand":"Agricola","brandCode":"70","brandFilterCode":"agricola-b68","sku":"100038979","price":13.99,"originalPrice":null,"currencyCode":"RON","currency":"Lei","image":{"thumbnail":{"default":"https://cdn.freshful.ro/media/cache/sylius_shop_product_thumbnail/83/07/00c505a29fdc530c0916712993d9.jpg"},"large":{"default":"https://cdn.freshful.ro/media/cache/freshful_large/83/07/00c505a29fdc530c0916712993d9.jpg"},"extralarge":{"default":"https://cdn.freshful.ro/media/cache/sylius_shop_product_original/83/07/00c505a29fdc530c0916712993d9.jpg"}},"label":null,"tags":[{"type":"MadeInRomania","text":"Made In Romania","icon":"https://cdn.freshful.ro/assets/product_tags/made_in_romania.svg","iconPng":"https://cdn.freshful.ro/assets/product_tags/made_in_romania.png","backgroundColor":"#EDF2FD","textColor":"#1653CA"}],"isAvailable":true,"maxAvailableQuantity":100,"maxAllowedQuantity":100,"breadcrumbs":[{"code":"4","name":"Lactate & ouă","slug":"4-lactate-branzeturi-si-oua"},{"code":"405","name":"Ouă","slug":"405-oua"},{"code":"40504","name":"Ouă găină cod 2","slug":"40504-oua-gaina-cod-2"},{"code":"100038979","name":"Ouă Chef, mărime L, cod 2, 10 buc","slug":"100038979-agricola-oua-chef-marime-l-cod-2-10-buc"}],"activePromotion":null,"saveMe":{"isAvailable":true,"variantCode":"5941460013559-accsale","maxAvailableQuantity":100,"maxAllowedQuantity":100,"price":11.19,"originalPrice":13.99,"labels":[{"type":"v2","items":[{"text":"Save Me","backgroundColor":"#FF7070","textColor":"#FFFFFF"},{"text":"-20%","backgroundColor":"#333333","textColor":"#FFFFFF"}]},{"type":"v3","items":[{"text":"Expiră pe 07-03-2023","backgroundColor":"#FEF7DC","textColor":"#595959"}]}],"priceColor":"#FF7070","priceIcon":"https://cdn.freshful.ro/assets/save_me/priceIcon.png","unitPriceLabel":"1,12 Lei/buc","badge":null},"labels":[],"geniusPrice":null,"geniusUnitPricePerLabel":null,"banner":{"text":"Cumpără la 11.19 lei","textColor":"#FF7070","bgColor":"#FFF1F1","icon":"https://cdn.freshful.ro/assets/save_me/priceIcon.png","link":"https://www.freshful.ro/p/100038979-agricola-oua-chef-marime-l-cod-2-10-buc?sm=true","type":"saveMe","analyticsEventType":"select_item","analyticsEventPayload":[]},"discountLabel":null,"geniusDiscountLabel":null,"badge":null},{"code":"100101623","variantCode":"100101623","name":"Ouă ecologice, mărime M, cod 0, 10 buc","slug":"100101623-cortina-bio-oua-ecologice-marime-m-cod-0-10-buc","unitPriceLabel":"1,46 Lei/buc","brand":"Cortina Bio","brandCode":"1576","brandFilterCode":"cortina-bio-b1580","sku":"100101623","price":14.55,"originalPrice":null,"currencyCode":"RON","currency":"Lei","image":{"thumbnail":{"default":"https://cdn.freshful.ro/media/cache/sylius_shop_product_thumbnail/fe/e6/7b79cbfa6db301cfcbdd20b42cb0.jpg"},"large":{"default":"https://cdn.freshful.ro/media/cache/freshful_large/fe/e6/7b79cbfa6db301cfcbdd20b42cb0.jpg"},"extralarge":{"default":"https://cdn.freshful.ro/media/cache/sylius_shop_product_original/fe/e6/7b79cbfa6db301cfcbdd20b42cb0.jpg"}},"label":null,"tags":[{"type":"MadeInRomania","text":"Made In Romania","icon":"https://cdn.freshful.ro/assets/product_tags/made_in_romania.svg","iconPng":"https://cdn.freshful.ro/assets/product_tags/made_in_romania.png","backgroundColor":"#EDF2FD","textColor":"#1653CA"},{"type":"Eco","text":"Eco","icon":"https://cdn.freshful.ro/assets/product_tags/eco.svg","iconPng":"https://cdn.freshful.ro/assets/product_tags/eco.png","backgroundColor":"#EFFBE4","textColor":"#66BB1B"}],"isAvailable":true,"maxAvailableQuantity":100,"maxAllowedQuantity":100,"breadcrumbs":[{"code":"4","name":"Lactate & ouă","slug":"4-lactate-branzeturi-si-oua"},{"code":"405","name":"Ouă","slug":"405-oua"},{"code":"40502","name":"Ouă găină cod 0 ECO","slug":"40502-oua-gaina-cod-0-ecologice"},{"code":"100101623","name":"Ouă ecologice, mărime M, cod 0, 10 buc","slug":"100101623-cortina-bio-oua-ecologice-marime-m-cod-0-10-buc"}],"activePromotion":null,"saveMe":null,"labels":[],"geniusPrice":null,"geniusUnitPricePerLabel":null,"banner":null,"discountLabel":null,"geniusDiscountLabel":null,"badge":null},{"code":"100087240","variantCode":"100087240","name":"Ouă proaspete, mărime L, cod 2, 6 buc","slug":"100087240-din-ograda-oua-proaspete-marime-l-cod-2-6-buc","unitPriceLabel":"1,23 Lei/buc","brand":"Din Ogradă","brandCode":"1499","brandFilterCode":"din-ograda-b1503","sku":"100087240","price":7.39,"originalPrice":null,"currencyCode":"RON","currency":"Lei","image":{"thumbnail":{"default":"https://cdn.freshful.ro/media/cache/sylius_shop_product_thumbnail/62/bb/0be96904acbc6bf40f4e5e11c0e7.jpg"},"large":{"default":"https://cdn.freshful.ro/media/cache/freshful_large/62/bb/0be96904acbc6bf40f4e5e11c0e7.jpg"},"extralarge":{"default":"https://cdn.freshful.ro/media/cache/sylius_shop_product_original/62/bb/0be96904acbc6bf40f4e5e11c0e7.jpg"}},"label":null,"tags":[{"type":"MadeInRomania","text":"Made In Romania","icon":"https://cdn.freshful.ro/assets/product_tags/made_in_romania.svg","iconPng":"https://cdn.freshful.ro/assets/product_tags/made_in_romania.png","backgroundColor":"#EDF2FD","textColor":"#1653CA"}],"isAvailable":true,"maxAvailableQuantity":100,"maxAllowedQuantity":100,"breadcrumbs":[{"code":"4","name":"Lactate & ouă","slug":"4-lactate-branzeturi-si-oua"},{"code":"405","name":"Ouă","slug":"405-oua"},{"code":"40504","name":"Ouă găină cod 2","slug":"40504-oua-gaina-cod-2"},{"code":"100087240","name":"Ouă proaspete, mărime L, cod 2, 6 buc","slug":"100087240-din-ograda-oua-proaspete-marime-l-cod-2-6-buc"}],"activePromotion":null,"saveMe":null,"labels":[],"geniusPrice":null,"geniusUnitPricePerLabel":null,"banner":null,"discountLabel":null,"geniusDiscountLabel":null,"badge":null},{"code":"100059931","variantCode":"100059931","name":"Ouă ecologice, mărime M-L, cod 0, 6 buc","slug":"100059931-oua-de-tara-oua-ecologice-marime-m-l-cod-0-6-buc","unitPriceLabel":"1,93 Lei/buc","brand":"Ouă de țară","brandCode":"916","brandFilterCode":"oua-de-tara-b917","sku":"100059931","price":11.55,"originalPrice":null,"currencyCode":"RON","currency":"Lei","image":{"thumbnail":{"default":"https://cdn.freshful.ro/media/cache/sylius_shop_product_thumbnail/bc/b7/a67be328ed4ae75afd226e790a6f.jpg"},"large":{"default":"https://cdn.freshful.ro/media/cache/freshful_large/bc/b7/a67be328ed4ae75afd226e790a6f.jpg"},"extralarge":{"default":"https://cdn.freshful.ro/media/cache/sylius_shop_product_original/bc/b7/a67be328ed4ae75afd226e790a6f.jpg"}},"label":null,"tags":[{"type":"Eco","text":"Eco","icon":"https://cdn.freshful.ro/assets/product_tags/eco.svg","iconPng":"https://cdn.freshful.ro/assets/product_tags/eco.png","backgroundColor":"#EFFBE4","textColor":"#66BB1B"}],"isAvailable":true,"maxAvailableQuantity":100,"maxAllowedQuantity":100,"breadcrumbs":[{"code":"4","name":"Lactate & ouă","slug":"4-lactate-branzeturi-si-oua"},{"code":"405","name":"Ouă","slug":"405-oua"},{"code":"40502","name":"Ouă găină cod 0 ECO","slug":"40502-oua-gaina-cod-0-ecologice"},{"code":"100059931","name":"Ouă ecologice, mărime M-L, cod 0, 6 buc","slug":"100059931-oua-de-tara-oua-ecologice-marime-m-l-cod-0-6-buc"}],"activePromotion":null,"saveMe":null,"labels":[],"geniusPrice":null,"geniusUnitPricePerLabel":null,"banner":null,"discountLabel":null,"geniusDiscountLabel":null,"badge":null},{"code":"100122663","variantCode":"100122663","name":"Ouă de Mihăilești, mărime L, cod 1, 10 buc","slug":"100122663-unirea-gospodarilor-oua-de-mihailesti-marime-l-cod-1-10-buc","unitPriceLabel":"2 Lei/buc","brand":"Unirea Gospodarilor","brandCode":"1884","brandFilterCode":"unirea-gospodarilor-b1888","sku":"100122663","price":19.98,"originalPrice":null,"currencyCode":"RON","currency":"Lei","image":{"thumbnail":{"default":"https://cdn.freshful.ro/media/cache/sylius_shop_product_thumbnail/27/82/a1d29d0d07725865f282f1e480b6.jpg"},"large":{"default":"https://cdn.freshful.ro/media/cache/freshful_large/27/82/a1d29d0d07725865f282f1e480b6.jpg"},"extralarge":{"default":"https://cdn.freshful.ro/media/cache/sylius_shop_product_original/27/82/a1d29d0d07725865f282f1e480b6.jpg"}},"label":{"text":"Mici producători","backgroundColor":"#7B61FF","textColor":"#FFFFFF"},"tags":[{"type":"MadeInRomania","text":"Made In Romania","icon":"https://cdn.freshful.ro/assets/product_tags/made_in_romania.svg","iconPng":"https://cdn.freshful.ro/assets/product_tags/made_in_romania.png","backgroundColor":"#EDF2FD","textColor":"#1653CA"}],"isAvailable":true,"maxAvailableQuantity":100,"maxAllowedQuantity":100,"breadcrumbs":[{"code":"4","name":"Lactate & ouă","slug":"4-lactate-branzeturi-si-oua"},{"code":"405","name":"Ouă","slug":"405-oua"},{"code":"40503","name":"Ouă găină cod 1","slug":"40503-oua-gaina-cod-1"},{"code":"100122663","name":"Ouă de Mihăilești, mărime L, cod 1, 10 buc","slug":"100122663-unirea-gospodarilor-oua-de-mihailesti-marime-l-cod-1-10-buc"}],"activePromotion":null,"saveMe":null,"labels":[{"type":"v1","items":[{"text":"Mici producători","backgroundColor":"#7B61FF","textColor":"#FFFFFF"}]}],"geniusPrice":null,"geniusUnitPricePerLabel":null,"banner":null,"discountLabel":null,"geniusDiscountLabel":null,"badge":null}]},{"analyticsListId":"category-slot_406-branzeturi","analyticsListName":"Category Slot - Brânzeturi","type":"products_carousel","title":"Brânzeturi","link":{"title":"Mai multe","count":485,"url":"/c/4-lactate-branzeturi-si-oua/406-branzeturi"},"products":[{"code":"100039306","variantCode":"5941872202497","name":"Cașcaval de Ibănești feliat 120g","slug":"100039306-mirdatod-cascaval-de-ibanesti-feliat-120g","unitPriceLabel":"60,75 Lei/kg","brand":"Mirdatod","brandCode":"755","brandFilterCode":"mirdatod-b756","sku":"100039306","price":7.29,"originalPrice":7.99,"currencyCode":"RON","currency":"Lei","image":{"thumbnail":{"default":"https://cdn.freshful.ro/media/cache/sylius_shop_product_thumbnail/4b/b6/45b6a28b2260941629c45b936afb.jpg"},"large":{"default":"https://cdn.freshful.ro/media/cache/freshful_large/4b/b6/45b6a28b2260941629c45b936afb.jpg"},"extralarge":{"default":"https://cdn.freshful.ro/media/cache/sylius_shop_product_original/4b/b6/45b6a28b2260941629c45b936afb.jpg"}},"label":{"text":"-8%","backgroundColor":"#FF9903","textColor":"#FFFFFF"},"tags":[{"type":"MadeInRomania","text":"Made In Romania","icon":"https://cdn.freshful.ro/assets/product_tags/made_in_romania.svg","iconPng":"https://cdn.freshful.ro/assets/product_tags/made_in_romania.png","backgroundColor":"#EDF2FD","textColor":"#1653CA"}],"isAvailable":true,"maxAvailableQuantity":100,"maxAllowedQuantity":100,"breadcrumbs":[{"code":"4","name":"Lactate & ouă","slug":"4-lactate-branzeturi-si-oua"},{"code":"406","name":"Brânzeturi","slug":"406-branzeturi"},{"code":"40603","name":"Brânzeturi feliate","slug":"40603-branzeturi-feliate"},{"code":"100039306","name":"Cașcaval de Ibănești feliat 120g","slug":"100039306-mirdatod-cascaval-de-ibanesti-feliat-120g"}],"activePromotion":{"code":"freshful-top-deals-2023","name":"Preț redus","targetQuantity":null},"saveMe":null,"labels":[{"type":"v1","items":[{"text":"-8%","backgroundColor":"#FF9903","textColor":"#FFFFFF"}]}],"geniusPrice":null,"geniusUnitPricePerLabel":null,"banner":{"text":"Super preț","textColor":"#FF0000","bgColor":"#FFF2EC","icon":null,"link":"https://www.freshful.ro/oferte/freshful-top-deals-2023","type":"promo","analyticsEventType":"select_promotion","analyticsEventPayload":{"promotion_id":"freshful-top-deals-2023","promotion_name":"Profită de Top Deals"}},"discountLabel":"Economisești 8%","geniusDiscountLabel":null,"badge":null},{"code":"100034448","variantCode":"5941360001328","name":"Cașcaval Sofia 450g","slug":"100034448-delaco-cascaval-sofia-450g","unitPriceLabel":"64,42 Lei/kg","brand":"Delaco","brandCode":"225","brandFilterCode":"delaco-b226","sku":"100034448","price":28.99,"originalPrice":null,"currencyCode":"RON","currency":"Lei","image":{"thumbnail":{"default":"https://cdn.freshful.ro/media/cache/sylius_shop_product_thumbnail/a5/c7/2d8466f1f203c69337d56f919eb8.jpg"},"large":{"default":"https://cdn.freshful.ro/media/cache/freshful_large/a5/c7/2d8466f1f203c69337d56f919eb8.jpg"},"extralarge":{"default":"https://cdn.freshful.ro/media/cache/sylius_shop_product_original/a5/c7/2d8466f1f203c69337d56f919eb8.jpg"}},"label":{"text":"-20% cu Genius","backgroundColor":"#FEF3FA","textColor":"#CD015F"},"tags":[],"isAvailable":true,"maxAvailableQuantity":100,"maxAllowedQuantity":100,"breadcrumbs":[{"code":"4","name":"Lactate & ouă","slug":"4-lactate-branzeturi-si-oua"},{"code":"406","name":"Brânzeturi","slug":"406-branzeturi"},{"code":"40605","name":"Cașcaval","slug":"40605-cascaval"},{"code":"100034448","name":"Cașcaval Sofia 450g","slug":"100034448-delaco-cascaval-sofia-450g"}],"activePromotion":null,"saveMe":null,"labels":[{"type":"gdeals","items":[{"text":"","backgroundColor":"","textColor":""}]},{"type":"v3","items":[{"text":"-20% cu Genius","backgroundColor":"#FEF3FA","textColor":"#CD015F"}]}],"geniusPrice":23.19,"geniusUnitPricePerLabel":"51,53 Lei/kg","banner":null,"discountLabel":null,"geniusDiscountLabel":"Economisești 20%","badge":null},{"code":"100145114","variantCode":"100145114","name":"Gorgonzola DOP 100g","slug":"100145114-formagia-gorgonzola-dop-100g","unitPriceLabel":"89,9 Lei/kg","brand":"FORMAGIA","brandCode":"2804","brandFilterCode":"formagia-b2891","sku":"100145114","price":8.99,"originalPrice":9.99,"currencyCode":"RON","currency":"Lei","image":{"thumbnail":{"default":"https://cdn.freshful.ro/media/cache/sylius_shop_product_thumbnail/ed/b6/f9a53dee28d9e7348e7766f0ceea.jpg"},"large":{"default":"https://cdn.freshful.ro/media/cache/freshful_large/ed/b6/f9a53dee28d9e7348e7766f0ceea.jpg"},"extralarge":{"default":"https://cdn.freshful.ro/media/cache/sylius_shop_product_original/ed/b6/f9a53dee28d9e7348e7766f0ceea.jpg"}},"label":{"text":"-10%","backgroundColor":"#FF9903","textColor":"#FFFFFF"},"tags":[],"isAvailable":true,"maxAvailableQuantity":100,"maxAllowedQuantity":100,"breadcrumbs":[{"code":"4","name":"Lactate & ouă","slug":"4-lactate-branzeturi-si-oua"},{"code":"406","name":"Brânzeturi","slug":"406-branzeturi"},{"code":"40607","name":"Specialități internaționale","slug":"40607-specialitati-internationale"},{"code":"100145114","name":"Gorgonzola DOP 100g","slug":"100145114-formagia-gorgonzola-dop-100g"}],"activePromotion":{"code":"bunatatile-saptamanii-cw0923","name":"Preț redus","targetQuantity":null},"saveMe":null,"labels":[{"type":"v1","items":[{"text":"-10%","backgroundColor":"#FF9903","textColor":"#FFFFFF"}]}],"geniusPrice":null,"geniusUnitPricePerLabel":null,"banner":{"text":"Super preț","textColor":"#FF0000","bgColor":"#FFF2EC","icon":null,"link":"https://www.freshful.ro/oferte/bunatatile-saptamanii-cw0923","type":"promo","analyticsEventType":"select_promotion","analyticsEventPayload":{"promotion_id":"bunatatile-saptamanii-cw0923","promotion_name":"Oferta proaspătă a săptămânii"}},"discountLabel":"Economisești 10%","geniusDiscountLabel":null,"badge":null},{"code":"100148468","variantCode":"100148468","name":"Brânză de capră cu ierburi și condimente 130g","slug":"100148468-q-concept-branza-de-capra-cu-ierburi-si-condimente-130g","unitPriceLabel":"111,46 Lei/kg","brand":"Q Concept","brandCode":"2809","brandFilterCode":"q-concept-b2896","sku":"100148468","price":14.49,"originalPrice":16.29,"currencyCode":"RON","currency":"Lei","image":{"thumbnail":{"default":"https://cdn.freshful.ro/media/cache/sylius_shop_product_thumbnail/8f/5f/1641daf67f4994c01ce6af8cafce.jpg"},"large":{"default":"https://cdn.freshful.ro/media/cache/freshful_large/8f/5f/1641daf67f4994c01ce6af8cafce.jpg"},"extralarge":{"default":"https://cdn.freshful.ro/media/cache/sylius_shop_product_original/8f/5f/1641daf67f4994c01ce6af8cafce.jpg"}},"label":{"text":"-11%","backgroundColor":"#FF9903","textColor":"#FFFFFF"},"tags":[],"isAvailable":true,"maxAvailableQuantity":47,"maxAllowedQuantity":100,"breadcrumbs":[{"code":"4","name":"Lactate & ouă","slug":"4-lactate-branzeturi-si-oua"},{"code":"406","name":"Brânzeturi","slug":"406-branzeturi"},{"code":"40607","name":"Specialități internaționale","slug":"40607-specialitati-internationale"},{"code":"100148468","name":"Brânză de capră cu ierburi și condimente 130g","slug":"100148468-q-concept-branza-de-capra-cu-ierburi-si-condimente-130g"}],"activePromotion":{"code":"bunatatile-saptamanii-cw0923","name":"Preț redus","targetQuantity":null},"saveMe":null,"labels":[{"type":"v1","items":[{"text":"-11%","backgroundColor":"#FF9903","textColor":"#FFFFFF"}]}],"geniusPrice":null,"geniusUnitPricePerLabel":null,"banner":{"text":"Super preț","textColor":"#FF0000","bgColor":"#FFF2EC","icon":null,"link":"https://www.freshful.ro/oferte/bunatatile-saptamanii-cw0923","type":"promo","analyticsEventType":"select_promotion","analyticsEventPayload":{"promotion_id":"bunatatile-saptamanii-cw0923","promotion_name":"Oferta proaspătă a săptămânii"}},"discountLabel":"Economisești 11%","geniusDiscountLabel":null,"badge":null},{"code":"100037193","variantCode":"5998711723187","name":"Cremă de brânză cu verdeață 125g","slug":"100037193-philadelphia-crema-de-branza-cu-verdeata-125g","unitPriceLabel":"67,92 Lei/kg","brand":"Philadelphia","brandCode":"68","brandFilterCode":"philadelphia-b65","sku":"100037193","price":8.49,"originalPrice":9.29,"currencyCode":"RON","currency":"Lei","image":{"thumbnail":{"default":"https://cdn.freshful.ro/media/cache/sylius_shop_product_thumbnail/87/04/5de82a219f5178c21cb7ebef9456.jpg"},"large":{"default":"https://cdn.freshful.ro/media/cache/freshful_large/87/04/5de82a219f5178c21cb7ebef9456.jpg"},"extralarge":{"default":"https://cdn.freshful.ro/media/cache/sylius_shop_product_original/87/04/5de82a219f5178c21cb7ebef9456.jpg"}},"label":{"text":"-8%","backgroundColor":"#FF9903","textColor":"#FFFFFF"},"tags":[],"isAvailable":true,"maxAvailableQuantity":24,"maxAllowedQuantity":100,"breadcrumbs":[{"code":"4","name":"Lactate & ouă","slug":"4-lactate-branzeturi-si-oua"},{"code":"406","name":"Brânzeturi","slug":"406-branzeturi"},{"code":"40604","name":"Brânzeturi tartinabile","slug":"40604-branzeturi-tartinabile"},{"code":"100037193","name":"Cremă de brânză cu verdeață 125g","slug":"100037193-philadelphia-crema-de-branza-cu-verdeata-125g"}],"activePromotion":{"code":"bunatatile-saptamanii-cw0923","name":"Preț redus","targetQuantity":null},"saveMe":null,"labels":[{"type":"v1","items":[{"text":"-8%","backgroundColor":"#FF9903","textColor":"#FFFFFF"}]}],"geniusPrice":null,"geniusUnitPricePerLabel":null,"banner":{"text":"Super preț","textColor":"#FF0000","bgColor":"#FFF2EC","icon":null,"link":"https://www.freshful.ro/oferte/bunatatile-saptamanii-cw0923","type":"promo","analyticsEventType":"select_promotion","analyticsEventPayload":{"promotion_id":"bunatatile-saptamanii-cw0923","promotion_name":"Oferta proaspătă a săptămânii"}},"discountLabel":"Economisești 8%","geniusDiscountLabel":null,"badge":null},{"code":"100145125","variantCode":"100145125","name":"Brânză de mucegai alb și albastru 150g","slug":"100145125-frenchi-branza-de-mucegai-alb-si-albastru-150g","unitPriceLabel":"73,27 Lei/kg","brand":"FRENCHI","brandCode":"2805","brandFilterCode":"frenchi-b2892","sku":"100145125","price":10.99,"originalPrice":12.99,"currencyCode":"RON","currency":"Lei","image":{"thumbnail":{"default":"https://cdn.freshful.ro/media/cache/sylius_shop_product_thumbnail/b7/d0/cc09b967ea1507e160a795778cd7.jpg"},"large":{"default":"https://cdn.freshful.ro/media/cache/freshful_large/b7/d0/cc09b967ea1507e160a795778cd7.jpg"},"extralarge":{"default":"https://cdn.freshful.ro/media/cache/sylius_shop_product_original/b7/d0/cc09b967ea1507e160a795778cd7.jpg"}},"label":{"text":"-15%","backgroundColor":"#FF9903","textColor":"#FFFFFF"},"tags":[],"isAvailable":true,"maxAvailableQuantity":15,"maxAllowedQuantity":100,"breadcrumbs":[{"code":"4","name":"Lactate & ouă","slug":"4-lactate-branzeturi-si-oua"},{"code":"406","name":"Brânzeturi","slug":"406-branzeturi"},{"code":"40607","name":"Specialități internaționale","slug":"40607-specialitati-internationale"},{"code":"100145125","name":"Brânză de mucegai alb și albastru 150g","slug":"100145125-frenchi-branza-de-mucegai-alb-si-albastru-150g"}],"activePromotion":{"code":"bunatatile-saptamanii-cw0923","name":"Preț redus","targetQuantity":null},"saveMe":null,"labels":[{"type":"v1","items":[{"text":"-15%","backgroundColor":"#FF9903","textColor":"#FFFFFF"}]}],"geniusPrice":null,"geniusUnitPricePerLabel":null,"banner":{"text":"Super preț","textColor":"#FF0000","bgColor":"#FFF2EC","icon":null,"link":"https://www.freshful.ro/oferte/bunatatile-saptamanii-cw0923","type":"promo","analyticsEventType":"select_promotion","analyticsEventPayload":{"promotion_id":"bunatatile-saptamanii-cw0923","promotion_name":"Oferta proaspătă a săptămânii"}},"discountLabel":"Economisești 15%","geniusDiscountLabel":null,"badge":null},{"code":"100145101","variantCode":"100145101","name":"Cheddar maturat 200g","slug":"100145101-cathedral-city-cheddar-maturat-200g","unitPriceLabel":"87,45 Lei/kg","brand":"Cathedral City","brandCode":"2800","brandFilterCode":"cathedral-city-b2887","sku":"100145101","price":17.49,"originalPrice":19.99,"currencyCode":"RON","currency":"Lei","image":{"thumbnail":{"default":"https://cdn.freshful.ro/media/cache/sylius_shop_product_thumbnail/aa/77/d6730a54f52464d4032a4eb2155c.jpg"},"large":{"default":"https://cdn.freshful.ro/media/cache/freshful_large/aa/77/d6730a54f52464d4032a4eb2155c.jpg"},"extralarge":{"default":"https://cdn.freshful.ro/media/cache/sylius_shop_product_original/aa/77/d6730a54f52464d4032a4eb2155c.jpg"}},"label":{"text":"-12%","backgroundColor":"#FF9903","textColor":"#FFFFFF"},"tags":[],"isAvailable":true,"maxAvailableQuantity":56,"maxAllowedQuantity":100,"breadcrumbs":[{"code":"4","name":"Lactate & ouă","slug":"4-lactate-branzeturi-si-oua"},{"code":"406","name":"Brânzeturi","slug":"406-branzeturi"},{"code":"40607","name":"Specialități internaționale","slug":"40607-specialitati-internationale"},{"code":"100145101","name":"Cheddar maturat 200g","slug":"100145101-cathedral-city-cheddar-maturat-200g"}],"activePromotion":{"code":"bunatatile-saptamanii-cw0923","name":"Preț redus","targetQuantity":null},"saveMe":null,"labels":[{"type":"v1","items":[{"text":"-12%","backgroundColor":"#FF9903","textColor":"#FFFFFF"}]}],"geniusPrice":null,"geniusUnitPricePerLabel":null,"banner":{"text":"Super preț","textColor":"#FF0000","bgColor":"#FFF2EC","icon":null,"link":"https://www.freshful.ro/oferte/bunatatile-saptamanii-cw0923","type":"promo","analyticsEventType":"select_promotion","analyticsEventPayload":{"promotion_id":"bunatatile-saptamanii-cw0923","promotion_name":"Oferta proaspătă a săptămânii"}},"discountLabel":"Economisești 12%","geniusDiscountLabel":null,"badge":null},{"code":"100148474","variantCode":"100148474","name":"Cheddar alb 130g","slug":"100148474-q-concept-cheddar-alb-130g","unitPriceLabel":"89,15 Lei/kg","brand":"Q Concept","brandCode":"2809","brandFilterCode":"q-concept-b2896","sku":"100148474","price":11.59,"originalPrice":12.49,"currencyCode":"RON","currency":"Lei","image":{"thumbnail":{"default":"https://cdn.freshful.ro/media/cache/sylius_shop_product_thumbnail/a0/9e/637e48b1234d5bbd521ae0c31952.jpg"},"large":{"default":"https://cdn.freshful.ro/media/cache/freshful_large/a0/9e/637e48b1234d5bbd521ae0c31952.jpg"},"extralarge":{"default":"https://cdn.freshful.ro/media/cache/sylius_shop_product_original/a0/9e/637e48b1234d5bbd521ae0c31952.jpg"}},"label":{"text":"-7%","backgroundColor":"#FF9903","textColor":"#FFFFFF"},"tags":[],"isAvailable":true,"maxAvailableQuantity":40,"maxAllowedQuantity":100,"breadcrumbs":[{"code":"4","name":"Lactate & ouă","slug":"4-lactate-branzeturi-si-oua"},{"code":"406","name":"Brânzeturi","slug":"406-branzeturi"},{"code":"40607","name":"Specialități internaționale","slug":"40607-specialitati-internationale"},{"code":"100148474","name":"Cheddar alb 130g","slug":"100148474-q-concept-cheddar-alb-130g"}],"activePromotion":{"code":"bunatatile-saptamanii-cw0923","name":"Preț redus","targetQuantity":null},"saveMe":null,"labels":[{"type":"v1","items":[{"text":"-7%","backgroundColor":"#FF9903","textColor":"#FFFFFF"}]}],"geniusPrice":null,"geniusUnitPricePerLabel":null,"banner":{"text":"Super preț","textColor":"#FF0000","bgColor":"#FFF2EC","icon":null,"link":"https://www.freshful.ro/oferte/bunatatile-saptamanii-cw0923","type":"promo","analyticsEventType":"select_promotion","analyticsEventPayload":{"promotion_id":"bunatatile-saptamanii-cw0923","promotion_name":"Oferta proaspătă a săptămânii"}},"discountLabel":"Economisești 7%","geniusDiscountLabel":null,"badge":null},{"code":"100089389","variantCode":"100089389","name":"Cașcaval Penteleu 300g","slug":"100089389-five-continents-cascaval-penteleu-300g","unitPriceLabel":"46,63 Lei/kg","brand":"Five Continents","brandCode":"1395","brandFilterCode":"five-continents-b1399","sku":"100089389","price":13.99,"originalPrice":18.49,"currencyCode":"RON","currency":"Lei","image":{"thumbnail":{"default":"https://cdn.freshful.ro/media/cache/sylius_shop_product_thumbnail/f1/fa/565abfcbaacc4cdf5f34143d6a3c.jpg"},"large":{"default":"https://cdn.freshful.ro/media/cache/freshful_large/f1/fa/565abfcbaacc4cdf5f34143d6a3c.jpg"},"extralarge":{"default":"https://cdn.freshful.ro/media/cache/sylius_shop_product_original/f1/fa/565abfcbaacc4cdf5f34143d6a3c.jpg"}},"label":{"text":"-24%","backgroundColor":"#FF9903","textColor":"#FFFFFF"},"tags":[],"isAvailable":true,"maxAvailableQuantity":5,"maxAllowedQuantity":100,"breadcrumbs":[{"code":"4","name":"Lactate & ouă","slug":"4-lactate-branzeturi-si-oua"},{"code":"406","name":"Brânzeturi","slug":"406-branzeturi"},{"code":"40605","name":"Cașcaval","slug":"40605-cascaval"},{"code":"100089389","name":"Cașcaval Penteleu 300g","slug":"100089389-five-continents-cascaval-penteleu-300g"}],"activePromotion":{"code":"bunatatile-saptamanii-cw0923","name":"Preț redus","targetQuantity":null},"saveMe":null,"labels":[{"type":"v1","items":[{"text":"-24%","backgroundColor":"#FF9903","textColor":"#FFFFFF"}]}],"geniusPrice":null,"geniusUnitPricePerLabel":null,"banner":{"text":"Super preț","textColor":"#FF0000","bgColor":"#FFF2EC","icon":null,"link":"https://www.freshful.ro/oferte/bunatatile-saptamanii-cw0923","type":"promo","analyticsEventType":"select_promotion","analyticsEventPayload":{"promotion_id":"bunatatile-saptamanii-cw0923","promotion_name":"Oferta proaspătă a săptămânii"}},"discountLabel":"Economisești 24%","geniusDiscountLabel":null,"badge":null},{"code":"100143891","variantCode":"100143891","name":"Cașcaval feliat 180g","slug":"100143891-kolios-cascaval-feliat-180g","unitPriceLabel":"83,28 Lei/kg","brand":"Kolios","brandCode":"2781","brandFilterCode":"kolios-b2855","sku":"100143891","price":14.99,"originalPrice":16.99,"currencyCode":"RON","currency":"Lei","image":{"thumbnail":{"default":"https://cdn.freshful.ro/media/cache/sylius_shop_product_thumbnail/84/9f/35e2227c598bf460f46408c3795a.jpg"},"large":{"default":"https://cdn.freshful.ro/media/cache/freshful_large/84/9f/35e2227c598bf460f46408c3795a.jpg"},"extralarge":{"default":"https://cdn.freshful.ro/media/cache/sylius_shop_product_original/84/9f/35e2227c598bf460f46408c3795a.jpg"}},"label":{"text":"-11%","backgroundColor":"#FF9903","textColor":"#FFFFFF"},"tags":[],"isAvailable":true,"maxAvailableQuantity":25,"maxAllowedQuantity":100,"breadcrumbs":[{"code":"4","name":"Lactate & ouă","slug":"4-lactate-branzeturi-si-oua"},{"code":"406","name":"Brânzeturi","slug":"406-branzeturi"},{"code":"40603","name":"Brânzeturi feliate","slug":"40603-branzeturi-feliate"},{"code":"100143891","name":"Cașcaval feliat 180g","slug":"100143891-kolios-cascaval-feliat-180g"}],"activePromotion":{"code":"bunatatile-saptamanii-cw0923","name":"Preț redus","targetQuantity":null},"saveMe":null,"labels":[{"type":"v1","items":[{"text":"-11%","backgroundColor":"#FF9903","textColor":"#FFFFFF"}]}],"geniusPrice":null,"geniusUnitPricePerLabel":null,"banner":{"text":"Super preț","textColor":"#FF0000","bgColor":"#FFF2EC","icon":null,"link":"https://www.freshful.ro/oferte/bunatatile-saptamanii-cw0923","type":"promo","analyticsEventType":"select_promotion","analyticsEventPayload":{"promotion_id":"bunatatile-saptamanii-cw0923","promotion_name":"Oferta proaspătă a săptămânii"}},"discountLabel":"Economisești 11%","geniusDiscountLabel":null,"badge":null}]},{"analyticsListId":"category-slot_lapte-si-lactate-eco","analyticsListName":"Category Slot - Lapte și lactate ECO","type":"products_carousel","title":"Lapte și lactate ECO","link":{"title":"Mai multe","count":109,"url":"/c/4-lactate-branzeturi-si-oua/lapte-si-lactate-eco"},"products":[{"code":"100143894","variantCode":"100143894","name":"Brânză Feta eco D.O.P, 150g","slug":"100143894-kolios-branza-feta-eco-d-o-p-150g","unitPriceLabel":"99,93 Lei/kg","brand":"Kolios","brandCode":"2781","brandFilterCode":"kolios-b2855","sku":"100143894","price":14.99,"originalPrice":20.5,"currencyCode":"RON","currency":"Lei","image":{"thumbnail":{"default":"https://cdn.freshful.ro/media/cache/sylius_shop_product_thumbnail/a8/7b/eecce3af3280e104f0de4ed087f4.jpg"},"large":{"default":"https://cdn.freshful.ro/media/cache/freshful_large/a8/7b/eecce3af3280e104f0de4ed087f4.jpg"},"extralarge":{"default":"https://cdn.freshful.ro/media/cache/sylius_shop_product_original/a8/7b/eecce3af3280e104f0de4ed087f4.jpg"}},"label":{"text":"-26%","backgroundColor":"#FF9903","textColor":"#FFFFFF"},"tags":[{"type":"Eco","text":"Eco","icon":"https://cdn.freshful.ro/assets/product_tags/eco.svg","iconPng":"https://cdn.freshful.ro/assets/product_tags/eco.png","backgroundColor":"#EFFBE4","textColor":"#66BB1B"},{"type":"Vegetarian","text":"Vegetarian","icon":"https://cdn.freshful.ro/assets/product_tags/vegetarian.svg","iconPng":"https://cdn.freshful.ro/assets/product_tags/vegetarian.png","backgroundColor":"#FAEAEE","textColor":"#B26275"}],"isAvailable":true,"maxAvailableQuantity":100,"maxAllowedQuantity":100,"breadcrumbs":[{"code":"4","name":"Lactate & ouă","slug":"4-lactate-branzeturi-si-oua"},{"code":"407","name":"Lapte și lactate ECO","slug":"lapte-si-lactate-eco"},{"code":"40702","name":"Lactate ECO","slug":"lactate-eco"},{"code":"100143894","name":"Brânză Feta eco D.O.P, 150g","slug":"100143894-kolios-branza-feta-eco-d-o-p-150g"}],"activePromotion":{"code":"bunatatile-saptamanii-cw0923","name":"Preț redus","targetQuantity":null},"saveMe":null,"labels":[{"type":"v1","items":[{"text":"-26%","backgroundColor":"#FF9903","textColor":"#FFFFFF"}]}],"geniusPrice":null,"geniusUnitPricePerLabel":null,"banner":{"text":"Super preț","textColor":"#FF0000","bgColor":"#FFF2EC","icon":null,"link":"https://www.freshful.ro/oferte/bunatatile-saptamanii-cw0923","type":"promo","analyticsEventType":"select_promotion","analyticsEventPayload":{"promotion_id":"bunatatile-saptamanii-cw0923","promotion_name":"Oferta proaspătă a săptămânii"}},"discountLabel":"Economisești 26%","geniusDiscountLabel":null,"badge":null},{"code":"100030289","variantCode":"5941065009810","name":"Lapte eco 3.8% grăsime 1l","slug":"100030289-napolact-bio-lapte-eco-3-8-grasime-1l","unitPriceLabel":"12,39 Lei/l","brand":"Napolact Bio","brandCode":"80","brandFilterCode":"napolact-bio-b79","sku":"100030289","price":12.39,"originalPrice":null,"currencyCode":"RON","currency":"Lei","image":{"thumbnail":{"default":"https://cdn.freshful.ro/media/cache/sylius_shop_product_thumbnail/7f/fd/1cdf3748a3e627f5532b7674649f.jpg"},"large":{"default":"https://cdn.freshful.ro/media/cache/freshful_large/7f/fd/1cdf3748a3e627f5532b7674649f.jpg"},"extralarge":{"default":"https://cdn.freshful.ro/media/cache/sylius_shop_product_original/7f/fd/1cdf3748a3e627f5532b7674649f.jpg"}},"label":null,"tags":[{"type":"Eco","text":"Eco","icon":"https://cdn.freshful.ro/assets/product_tags/eco.svg","iconPng":"https://cdn.freshful.ro/assets/product_tags/eco.png","backgroundColor":"#EFFBE4","textColor":"#66BB1B"},{"type":"MadeInRomania","text":"Made In Romania","icon":"https://cdn.freshful.ro/assets/product_tags/made_in_romania.svg","iconPng":"https://cdn.freshful.ro/assets/product_tags/made_in_romania.png","backgroundColor":"#EDF2FD","textColor":"#1653CA"}],"isAvailable":true,"maxAvailableQuantity":100,"maxAllowedQuantity":100,"breadcrumbs":[{"code":"4","name":"Lactate & ouă","slug":"4-lactate-branzeturi-si-oua"},{"code":"407","name":"Lapte și lactate ECO","slug":"lapte-si-lactate-eco"},{"code":"40701","name":"Lapte ECO","slug":"lapte-eco"},{"code":"100030289","name":"Lapte eco 3.8% grăsime 1l","slug":"100030289-napolact-bio-lapte-eco-3-8-grasime-1l"}],"activePromotion":null,"saveMe":null,"labels":[],"geniusPrice":null,"geniusUnitPricePerLabel":null,"banner":null,"discountLabel":null,"geniusDiscountLabel":null,"badge":null},{"code":"100030312","variantCode":"5941065009827","name":"Iaurt natural eco 3.8% grăsime 140g","slug":"100030312-napolact-bio-iaurt-natural-eco-3-8-grasime-140g","unitPriceLabel":"20,64 Lei/kg","brand":"Napolact Bio","brandCode":"80","brandFilterCode":"napolact-bio-b79","sku":"100030312","price":2.89,"originalPrice":null,"currencyCode":"RON","currency":"Lei","image":{"thumbnail":{"default":"https://cdn.freshful.ro/media/cache/sylius_shop_product_thumbnail/5a/7d/e223378f0b49fd3bab8cf53bbc56.jpg"},"large":{"default":"https://cdn.freshful.ro/media/cache/freshful_large/5a/7d/e223378f0b49fd3bab8cf53bbc56.jpg"},"extralarge":{"default":"https://cdn.freshful.ro/media/cache/sylius_shop_product_original/5a/7d/e223378f0b49fd3bab8cf53bbc56.jpg"}},"label":null,"tags":[{"type":"Eco","text":"Eco","icon":"https://cdn.freshful.ro/assets/product_tags/eco.svg","iconPng":"https://cdn.freshful.ro/assets/product_tags/eco.png","backgroundColor":"#EFFBE4","textColor":"#66BB1B"},{"type":"MadeInRomania","text":"Made In Romania","icon":"https://cdn.freshful.ro/assets/product_tags/made_in_romania.svg","iconPng":"https://cdn.freshful.ro/assets/product_tags/made_in_romania.png","backgroundColor":"#EDF2FD","textColor":"#1653CA"},{"type":"Natural","text":"Natural","icon":"https://cdn.freshful.ro/assets/product_tags/natural.svg","iconPng":"https://cdn.freshful.ro/assets/product_tags/natural.png","backgroundColor":"#E9FCF2","textColor":"#18AF62"}],"isAvailable":true,"maxAvailableQuantity":100,"maxAllowedQuantity":100,"breadcrumbs":[{"code":"4","name":"Lactate & ouă","slug":"4-lactate-branzeturi-si-oua"},{"code":"407","name":"Lapte și lactate ECO","slug":"lapte-si-lactate-eco"},{"code":"40702","name":"Lactate ECO","slug":"lactate-eco"},{"code":"100030312","name":"Iaurt natural eco 3.8% grăsime 140g","slug":"100030312-napolact-bio-iaurt-natural-eco-3-8-grasime-140g"}],"activePromotion":null,"saveMe":null,"labels":[],"geniusPrice":null,"geniusUnitPricePerLabel":null,"banner":null,"discountLabel":null,"geniusDiscountLabel":null,"badge":null},{"code":"100030338","variantCode":"5941065012865","name":"Lapte eco 3.8% grăsime 1.6l","slug":"100030338-napolact-bio-lapte-eco-3-8-grasime-1-6l","unitPriceLabel":"12,49 Lei/l","brand":"Napolact Bio","brandCode":"80","brandFilterCode":"napolact-bio-b79","sku":"100030338","price":19.99,"originalPrice":null,"currencyCode":"RON","currency":"Lei","image":{"thumbnail":{"default":"https://cdn.freshful.ro/media/cache/sylius_shop_product_thumbnail/8b/d7/98c7a03a59b2468f4bc254219bd4.jpg"},"large":{"default":"https://cdn.freshful.ro/media/cache/freshful_large/8b/d7/98c7a03a59b2468f4bc254219bd4.jpg"},"extralarge":{"default":"https://cdn.freshful.ro/media/cache/sylius_shop_product_original/8b/d7/98c7a03a59b2468f4bc254219bd4.jpg"}},"label":null,"tags":[{"type":"Eco","text":"Eco","icon":"https://cdn.freshful.ro/assets/product_tags/eco.svg","iconPng":"https://cdn.freshful.ro/assets/product_tags/eco.png","backgroundColor":"#EFFBE4","textColor":"#66BB1B"},{"type":"Natural","text":"Natural","icon":"https://cdn.freshful.ro/assets/product_tags/natural.svg","iconPng":"https://cdn.freshful.ro/assets/product_tags/natural.png","backgroundColor":"#E9FCF2","textColor":"#18AF62"},{"type":"MadeInRomania","text":"Made In Romania","icon":"https://cdn.freshful.ro/assets/product_tags/made_in_romania.svg","iconPng":"https://cdn.freshful.ro/assets/product_tags/made_in_romania.png","backgroundColor":"#EDF2FD","textColor":"#1653CA"}],"isAvailable":true,"maxAvailableQuantity":100,"maxAllowedQuantity":100,"breadcrumbs":[{"code":"4","name":"Lactate & ouă","slug":"4-lactate-branzeturi-si-oua"},{"code":"407","name":"Lapte și lactate ECO","slug":"lapte-si-lactate-eco"},{"code":"40701","name":"Lapte ECO","slug":"lapte-eco"},{"code":"100030338","name":"Lapte eco 3.8% grăsime 1.6l","slug":"100030338-napolact-bio-lapte-eco-3-8-grasime-1-6l"}],"activePromotion":null,"saveMe":null,"labels":[],"geniusPrice":null,"geniusUnitPricePerLabel":null,"banner":null,"discountLabel":null,"geniusDiscountLabel":null,"badge":null},{"code":"100030313","variantCode":"5941065011363","name":"Iaurt cremos eco 4.5% grăsime 140g","slug":"100030313-napolact-bio-iaurt-cremos-eco-4-5-grasime-140g","unitPriceLabel":"27,07 Lei/kg","brand":"Napolact Bio","brandCode":"80","brandFilterCode":"napolact-bio-b79","sku":"100030313","price":3.79,"originalPrice":null,"currencyCode":"RON","currency":"Lei","image":{"thumbnail":{"default":"https://cdn.freshful.ro/media/cache/sylius_shop_product_thumbnail/52/bd/e2543c59ea65ff09c795e45f3627.jpg"},"large":{"default":"https://cdn.freshful.ro/media/cache/freshful_large/52/bd/e2543c59ea65ff09c795e45f3627.jpg"},"extralarge":{"default":"https://cdn.freshful.ro/media/cache/sylius_shop_product_original/52/bd/e2543c59ea65ff09c795e45f3627.jpg"}},"label":null,"tags":[{"type":"Eco","text":"Eco","icon":"https://cdn.freshful.ro/assets/product_tags/eco.svg","iconPng":"https://cdn.freshful.ro/assets/product_tags/eco.png","backgroundColor":"#EFFBE4","textColor":"#66BB1B"},{"type":"MadeInRomania","text":"Made In Romania","icon":"https://cdn.freshful.ro/assets/product_tags/made_in_romania.svg","iconPng":"https://cdn.freshful.ro/assets/product_tags/made_in_romania.png","backgroundColor":"#EDF2FD","textColor":"#1653CA"}],"isAvailable":true,"maxAvailableQuantity":100,"maxAllowedQuantity":100,"breadcrumbs":[{"code":"4","name":"Lactate & ouă","slug":"4-lactate-branzeturi-si-oua"},{"code":"407","name":"Lapte și lactate ECO","slug":"lapte-si-lactate-eco"},{"code":"40702","name":"Lactate ECO","slug":"lactate-eco"},{"code":"100030313","name":"Iaurt cremos eco 4.5% grăsime 140g","slug":"100030313-napolact-bio-iaurt-cremos-eco-4-5-grasime-140g"}],"activePromotion":null,"saveMe":null,"labels":[],"geniusPrice":null,"geniusUnitPricePerLabel":null,"banner":null,"discountLabel":null,"geniusDiscountLabel":null,"badge":null},{"code":"100030314","variantCode":"5941065011493","name":"Iaurt smântânos eco 10% grăsime 140g","slug":"100030314-napolact-bio-iaurt-smantanos-eco-10-grasime-140g","unitPriceLabel":"32,79 Lei/kg","brand":"Napolact Bio","brandCode":"80","brandFilterCode":"napolact-bio-b79","sku":"100030314","price":4.59,"originalPrice":null,"currencyCode":"RON","currency":"Lei","image":{"thumbnail":{"default":"https://cdn.freshful.ro/media/cache/sylius_shop_product_thumbnail/22/43/7e4c95d1c4651762f548b2d8c9c7.jpg"},"large":{"default":"https://cdn.freshful.ro/media/cache/freshful_large/22/43/7e4c95d1c4651762f548b2d8c9c7.jpg"},"extralarge":{"default":"https://cdn.freshful.ro/media/cache/sylius_shop_product_original/22/43/7e4c95d1c4651762f548b2d8c9c7.jpg"}},"label":null,"tags":[{"type":"Eco","text":"Eco","icon":"https://cdn.freshful.ro/assets/product_tags/eco.svg","iconPng":"https://cdn.freshful.ro/assets/product_tags/eco.png","backgroundColor":"#EFFBE4","textColor":"#66BB1B"},{"type":"MadeInRomania","text":"Made In Romania","icon":"https://cdn.freshful.ro/assets/product_tags/made_in_romania.svg","iconPng":"https://cdn.freshful.ro/assets/product_tags/made_in_romania.png","backgroundColor":"#EDF2FD","textColor":"#1653CA"}],"isAvailable":true,"maxAvailableQuantity":100,"maxAllowedQuantity":100,"breadcrumbs":[{"code":"4","name":"Lactate & ouă","slug":"4-lactate-branzeturi-si-oua"},{"code":"407","name":"Lapte și lactate ECO","slug":"lapte-si-lactate-eco"},{"code":"40702","name":"Lactate ECO","slug":"lactate-eco"},{"code":"100030314","name":"Iaurt smântânos eco 10% grăsime 140g","slug":"100030314-napolact-bio-iaurt-smantanos-eco-10-grasime-140g"}],"activePromotion":null,"saveMe":null,"labels":[],"geniusPrice":null,"geniusUnitPricePerLabel":null,"banner":null,"discountLabel":null,"geniusDiscountLabel":null,"badge":null},{"code":"100038802","variantCode":"5941192111448","name":"Lapte eco fără lactoză, 1.5% grăsime, „Zile ușoare” 1l","slug":"100038802-ladorna-lapte-eco-fara-lactoza-1-5-grasime-zile-usoare-1l","unitPriceLabel":"9,99 Lei/l","brand":"LaDORNA","brandCode":"594","brandFilterCode":"ladorna-b595","sku":"100038802","price":9.99,"originalPrice":null,"currencyCode":"RON","currency":"Lei","image":{"thumbnail":{"default":"https://cdn.freshful.ro/media/cache/sylius_shop_product_thumbnail/2b/d8/165e971ec3f5836eb0320f02a0fd.jpg"},"large":{"default":"https://cdn.freshful.ro/media/cache/freshful_large/2b/d8/165e971ec3f5836eb0320f02a0fd.jpg"},"extralarge":{"default":"https://cdn.freshful.ro/media/cache/sylius_shop_product_original/2b/d8/165e971ec3f5836eb0320f02a0fd.jpg"}},"label":null,"tags":[{"type":"LactoseFree","text":"Fara lactoza","icon":"https://cdn.freshful.ro/assets/product_tags/fara_lactoza.svg","iconPng":"https://cdn.freshful.ro/assets/product_tags/fara_lactoza.png","backgroundColor":"#E9F7FB","textColor":"#25A6D0"},{"type":"Eco","text":"Eco","icon":"https://cdn.freshful.ro/assets/product_tags/eco.svg","iconPng":"https://cdn.freshful.ro/assets/product_tags/eco.png","backgroundColor":"#EFFBE4","textColor":"#66BB1B"},{"type":"MadeInRomania","text":"Made In Romania","icon":"https://cdn.freshful.ro/assets/product_tags/made_in_romania.svg","iconPng":"https://cdn.freshful.ro/assets/product_tags/made_in_romania.png","backgroundColor":"#EDF2FD","textColor":"#1653CA"}],"isAvailable":true,"maxAvailableQuantity":100,"maxAllowedQuantity":100,"breadcrumbs":[{"code":"4","name":"Lactate & ouă","slug":"4-lactate-branzeturi-si-oua"},{"code":"407","name":"Lapte și lactate ECO","slug":"lapte-si-lactate-eco"},{"code":"40701","name":"Lapte ECO","slug":"lapte-eco"},{"code":"100038802","name":"Lapte eco fără lactoză, 1.5% grăsime, „Zile ușoare” 1l","slug":"100038802-ladorna-lapte-eco-fara-lactoza-1-5-grasime-zile-usoare-1l"}],"activePromotion":null,"saveMe":null,"labels":[],"geniusPrice":null,"geniusUnitPricePerLabel":null,"banner":null,"discountLabel":null,"geniusDiscountLabel":null,"badge":null},{"code":"100038803","variantCode":"5941192111424","name":"Lapte eco fără lactoză, 3.5% grăsime, „Zile ușoare” 1l","slug":"100038803-ladorna-lapte-eco-fara-lactoza-3-5-grasime-zile-usoare-1l","unitPriceLabel":"10,49 Lei/l","brand":"LaDORNA","brandCode":"594","brandFilterCode":"ladorna-b595","sku":"100038803","price":10.49,"originalPrice":null,"currencyCode":"RON","currency":"Lei","image":{"thumbnail":{"default":"https://cdn.freshful.ro/media/cache/sylius_shop_product_thumbnail/49/8c/a47ae8ab0aa5070c5b7f069b8397.jpg"},"large":{"default":"https://cdn.freshful.ro/media/cache/freshful_large/49/8c/a47ae8ab0aa5070c5b7f069b8397.jpg"},"extralarge":{"default":"https://cdn.freshful.ro/media/cache/sylius_shop_product_original/49/8c/a47ae8ab0aa5070c5b7f069b8397.jpg"}},"label":null,"tags":[{"type":"LactoseFree","text":"Fara lactoza","icon":"https://cdn.freshful.ro/assets/product_tags/fara_lactoza.svg","iconPng":"https://cdn.freshful.ro/assets/product_tags/fara_lactoza.png","backgroundColor":"#E9F7FB","textColor":"#25A6D0"},{"type":"Eco","text":"Eco","icon":"https://cdn.freshful.ro/assets/product_tags/eco.svg","iconPng":"https://cdn.freshful.ro/assets/product_tags/eco.png","backgroundColor":"#EFFBE4","textColor":"#66BB1B"},{"type":"MadeInRomania","text":"Made In Romania","icon":"https://cdn.freshful.ro/assets/product_tags/made_in_romania.svg","iconPng":"https://cdn.freshful.ro/assets/product_tags/made_in_romania.png","backgroundColor":"#EDF2FD","textColor":"#1653CA"}],"isAvailable":true,"maxAvailableQuantity":100,"maxAllowedQuantity":100,"breadcrumbs":[{"code":"4","name":"Lactate & ouă","slug":"4-lactate-branzeturi-si-oua"},{"code":"407","name":"Lapte și lactate ECO","slug":"lapte-si-lactate-eco"},{"code":"40701","name":"Lapte ECO","slug":"lapte-eco"},{"code":"100038803","name":"Lapte eco fără lactoză, 3.5% grăsime, „Zile ușoare” 1l","slug":"100038803-ladorna-lapte-eco-fara-lactoza-3-5-grasime-zile-usoare-1l"}],"activePromotion":null,"saveMe":null,"labels":[],"geniusPrice":null,"geniusUnitPricePerLabel":null,"banner":null,"discountLabel":null,"geniusDiscountLabel":null,"badge":null},{"code":"100138908","variantCode":"100138908","name":"Cașcaval de vacă eco felii 120g","slug":"100138908-napolact-bio-cascaval-de-vaca-eco-felii-120g","unitPriceLabel":"99,92 Lei/kg","brand":"Napolact Bio","brandCode":"80","brandFilterCode":"napolact-bio-b79","sku":"100138908","price":11.99,"originalPrice":null,"currencyCode":"RON","currency":"Lei","image":{"thumbnail":{"default":"https://cdn.freshful.ro/media/cache/sylius_shop_product_thumbnail/93/70/4de7b053f98a7dc8e5155bedd525.jpg"},"large":{"default":"https://cdn.freshful.ro/media/cache/freshful_large/93/70/4de7b053f98a7dc8e5155bedd525.jpg"},"extralarge":{"default":"https://cdn.freshful.ro/media/cache/sylius_shop_product_original/93/70/4de7b053f98a7dc8e5155bedd525.jpg"}},"label":null,"tags":[{"type":"Eco","text":"Eco","icon":"https://cdn.freshful.ro/assets/product_tags/eco.svg","iconPng":"https://cdn.freshful.ro/assets/product_tags/eco.png","backgroundColor":"#EFFBE4","textColor":"#66BB1B"}],"isAvailable":true,"maxAvailableQuantity":100,"maxAllowedQuantity":100,"breadcrumbs":[{"code":"4","name":"Lactate & ouă","slug":"4-lactate-branzeturi-si-oua"},{"code":"407","name":"Lapte și lactate ECO","slug":"lapte-si-lactate-eco"},{"code":"40702","name":"Lactate ECO","slug":"lactate-eco"},{"code":"100138908","name":"Cașcaval de vacă eco felii 120g","slug":"100138908-napolact-bio-cascaval-de-vaca-eco-felii-120g"}],"activePromotion":null,"saveMe":null,"labels":[],"geniusPrice":null,"geniusUnitPricePerLabel":null,"banner":null,"discountLabel":null,"geniusDiscountLabel":null,"badge":null},{"code":"100142596","variantCode":"100142596","name":"Kefir ecologic din lapte de vacă 350ml","slug":"100142596-artesana-kefir-ecologic-din-lapte-de-vaca-350ml","unitPriceLabel":"30,83 Lei/l","brand":"Artesana","brandCode":"218","brandFilterCode":"artesana-b219","sku":"100142596","price":10.79,"originalPrice":null,"currencyCode":"RON","currency":"Lei","image":{"thumbnail":{"default":"https://cdn.freshful.ro/media/cache/sylius_shop_product_thumbnail/67/0c/75972a499d255db6543c81b4734b.jpg"},"large":{"default":"https://cdn.freshful.ro/media/cache/freshful_large/67/0c/75972a499d255db6543c81b4734b.jpg"},"extralarge":{"default":"https://cdn.freshful.ro/media/cache/sylius_shop_product_original/67/0c/75972a499d255db6543c81b4734b.jpg"}},"label":null,"tags":[{"type":"Eco","text":"Eco","icon":"https://cdn.freshful.ro/assets/product_tags/eco.svg","iconPng":"https://cdn.freshful.ro/assets/product_tags/eco.png","backgroundColor":"#EFFBE4","textColor":"#66BB1B"},{"type":"MadeInRomania","text":"Made In Romania","icon":"https://cdn.freshful.ro/assets/product_tags/made_in_romania.svg","iconPng":"https://cdn.freshful.ro/assets/product_tags/made_in_romania.png","backgroundColor":"#EDF2FD","textColor":"#1653CA"}],"isAvailable":true,"maxAvailableQuantity":100,"maxAllowedQuantity":100,"breadcrumbs":[{"code":"4","name":"Lactate & ouă","slug":"4-lactate-branzeturi-si-oua"},{"code":"407","name":"Lapte și lactate ECO","slug":"lapte-si-lactate-eco"},{"code":"40702","name":"Lactate ECO","slug":"lactate-eco"},{"code":"100142596","name":"Kefir ecologic din lapte de vacă 350ml","slug":"100142596-artesana-kefir-ecologic-din-lapte-de-vaca-350ml"}],"activePromotion":null,"saveMe":null,"labels":[],"geniusPrice":null,"geniusUnitPricePerLabel":null,"banner":null,"discountLabel":null,"geniusDiscountLabel":null,"badge":null}]},{"analyticsListId":"category-slot_amestecuri-lactate-si-grasimi-vegetale","analyticsListName":"Category Slot - Amestecuri lactate și grasimi vegetale","type":"products_carousel","title":"Amestecuri lactate și grasimi vegetale","link":{"title":"Mai multe","count":9,"url":"/c/4-lactate-branzeturi-si-oua/amestecuri-lactate-si-grasimi-vegetale"},"products":[{"code":"100034457","variantCode":"5740900400849","name":"Amestec tartinabil sărat 200g","slug":"100034457-lurpak-amestec-tartinabil-sarat-200g","unitPriceLabel":"84,95 Lei/kg","brand":"Lurpak","brandCode":"227","brandFilterCode":"lurpak-b228","sku":"100034457","price":16.99,"originalPrice":null,"currencyCode":"RON","currency":"Lei","image":{"thumbnail":{"default":"https://cdn.freshful.ro/media/cache/sylius_shop_product_thumbnail/bf/f0/f1db37ffbeb00f3621aa87d2de5b.jpg"},"large":{"default":"https://cdn.freshful.ro/media/cache/freshful_large/bf/f0/f1db37ffbeb00f3621aa87d2de5b.jpg"},"extralarge":{"default":"https://cdn.freshful.ro/media/cache/sylius_shop_product_original/bf/f0/f1db37ffbeb00f3621aa87d2de5b.jpg"}},"label":null,"tags":[],"isAvailable":true,"maxAvailableQuantity":100,"maxAllowedQuantity":100,"breadcrumbs":[{"code":"4","name":"Lactate & ouă","slug":"4-lactate-branzeturi-si-oua"},{"code":"408","name":"Amestecuri lactate și grasimi vegetale","slug":"amestecuri-lactate-si-grasimi-vegetale"},{"code":"40801","name":"Produse tartinabile","slug":"produse-tartinabile"},{"code":"100034457","name":"Amestec tartinabil sărat 200g","slug":"100034457-lurpak-amestec-tartinabil-sarat-200g"}],"activePromotion":null,"saveMe":null,"labels":[],"geniusPrice":null,"geniusUnitPricePerLabel":null,"banner":null,"discountLabel":null,"geniusDiscountLabel":null,"badge":null},{"code":"100034439","variantCode":"5740900401402","name":"Amestec tartinabil nesărat 200g","slug":"100034439-lurpak-amestec-tartinabil-nesarat-200g","unitPriceLabel":"87,45 Lei/kg","brand":"Lurpak","brandCode":"227","brandFilterCode":"lurpak-b228","sku":"100034439","price":17.49,"originalPrice":null,"currencyCode":"RON","currency":"Lei","image":{"thumbnail":{"default":"https://cdn.freshful.ro/media/cache/sylius_shop_product_thumbnail/ba/7b/eed9cf45e7368eab5b425b5be058.jpg"},"large":{"default":"https://cdn.freshful.ro/media/cache/freshful_large/ba/7b/eed9cf45e7368eab5b425b5be058.jpg"},"extralarge":{"default":"https://cdn.freshful.ro/media/cache/sylius_shop_product_original/ba/7b/eed9cf45e7368eab5b425b5be058.jpg"}},"label":null,"tags":[],"isAvailable":true,"maxAvailableQuantity":76,"maxAllowedQuantity":100,"breadcrumbs":[{"code":"4","name":"Lactate & ouă","slug":"4-lactate-branzeturi-si-oua"},{"code":"408","name":"Amestecuri lactate și grasimi vegetale","slug":"amestecuri-lactate-si-grasimi-vegetale"},{"code":"40801","name":"Produse tartinabile","slug":"produse-tartinabile"},{"code":"100034439","name":"Amestec tartinabil nesărat 200g","slug":"100034439-lurpak-amestec-tartinabil-nesarat-200g"}],"activePromotion":null,"saveMe":null,"labels":[],"geniusPrice":null,"geniusUnitPricePerLabel":null,"banner":null,"discountLabel":null,"geniusDiscountLabel":null,"badge":null},{"code":"100034440","variantCode":"5740900815308","name":"Amestec tartinabil lighter 200g","slug":"100034440-lurpak-amestec-tartinabil-lighter-200g","unitPriceLabel":"89,45 Lei/kg","brand":"Lurpak","brandCode":"227","brandFilterCode":"lurpak-b228","sku":"100034440","price":17.89,"originalPrice":null,"currencyCode":"RON","currency":"Lei","image":{"thumbnail":{"default":"https://cdn.freshful.ro/media/cache/sylius_shop_product_thumbnail/53/01/617827b30e9fb17812a8a9bdd8f4.jpg"},"large":{"default":"https://cdn.freshful.ro/media/cache/freshful_large/53/01/617827b30e9fb17812a8a9bdd8f4.jpg"},"extralarge":{"default":"https://cdn.freshful.ro/media/cache/sylius_shop_product_original/53/01/617827b30e9fb17812a8a9bdd8f4.jpg"}},"label":null,"tags":[],"isAvailable":true,"maxAvailableQuantity":49,"maxAllowedQuantity":100,"breadcrumbs":[{"code":"4","name":"Lactate & ouă","slug":"4-lactate-branzeturi-si-oua"},{"code":"408","name":"Amestecuri lactate și grasimi vegetale","slug":"amestecuri-lactate-si-grasimi-vegetale"},{"code":"40801","name":"Produse tartinabile","slug":"produse-tartinabile"},{"code":"100034440","name":"Amestec tartinabil lighter 200g","slug":"100034440-lurpak-amestec-tartinabil-lighter-200g"}],"activePromotion":null,"saveMe":null,"labels":[],"geniusPrice":null,"geniusUnitPricePerLabel":null,"banner":null,"discountLabel":null,"geniusDiscountLabel":null,"badge":null},{"code":"100037210","variantCode":"5701638128870","name":"Specialitate cremoasă din lapte 650g","slug":"100037210-akadia-specialitate-cremoasa-din-lapte-650g","unitPriceLabel":"38,73 Lei/kg","brand":"Akadia","brandCode":"48","brandFilterCode":"akadia-b43","sku":"100037210","price":15.49,"originalPrice":null,"currencyCode":"RON","currency":"Lei","image":{"thumbnail":{"default":"https://cdn.freshful.ro/media/cache/sylius_shop_product_thumbnail/e0/82/820685e6559cb3983dcf7070b839.jpg"},"large":{"default":"https://cdn.freshful.ro/media/cache/freshful_large/e0/82/820685e6559cb3983dcf7070b839.jpg"},"extralarge":{"default":"https://cdn.freshful.ro/media/cache/sylius_shop_product_original/e0/82/820685e6559cb3983dcf7070b839.jpg"}},"label":null,"tags":[],"isAvailable":true,"maxAvailableQuantity":42,"maxAllowedQuantity":100,"breadcrumbs":[{"code":"4","name":"Lactate & ouă","slug":"4-lactate-branzeturi-si-oua"},{"code":"408","name":"Amestecuri lactate și grasimi vegetale","slug":"amestecuri-lactate-si-grasimi-vegetale"},{"code":"40802","name":"Branzeturi amestec grasimi vegetale","slug":"branzeturi-amestec-grasimi-vegetale"},{"code":"100037210","name":"Specialitate cremoasă din lapte 650g","slug":"100037210-akadia-specialitate-cremoasa-din-lapte-650g"}],"activePromotion":null,"saveMe":null,"labels":[],"geniusPrice":null,"geniusUnitPricePerLabel":null,"banner":null,"discountLabel":null,"geniusDiscountLabel":null,"badge":null},{"code":"100034442","variantCode":"5740900402799","name":"Amestec tartinabil sărat 500g","slug":"100034442-lurpak-amestec-tartinabil-sarat-500g","unitPriceLabel":"79,98 Lei/kg","brand":"Lurpak","brandCode":"227","brandFilterCode":"lurpak-b228","sku":"100034442","price":39.99,"originalPrice":null,"currencyCode":"RON","currency":"Lei","image":{"thumbnail":{"default":"https://cdn.freshful.ro/media/cache/sylius_shop_product_thumbnail/d9/94/b91803636a2779427aa42422dd0d.jpg"},"large":{"default":"https://cdn.freshful.ro/media/cache/freshful_large/d9/94/b91803636a2779427aa42422dd0d.jpg"},"extralarge":{"default":"https://cdn.freshful.ro/media/cache/sylius_shop_product_original/d9/94/b91803636a2779427aa42422dd0d.jpg"}},"label":null,"tags":[],"isAvailable":true,"maxAvailableQuantity":41,"maxAllowedQuantity":100,"breadcrumbs":[{"code":"4","name":"Lactate & ouă","slug":"4-lactate-branzeturi-si-oua"},{"code":"408","name":"Amestecuri lactate și grasimi vegetale","slug":"amestecuri-lactate-si-grasimi-vegetale"},{"code":"40801","name":"Produse tartinabile","slug":"produse-tartinabile"},{"code":"100034442","name":"Amestec tartinabil sărat 500g","slug":"100034442-lurpak-amestec-tartinabil-sarat-500g"}],"activePromotion":null,"saveMe":null,"labels":[],"geniusPrice":null,"geniusUnitPricePerLabel":null,"banner":null,"discountLabel":null,"geniusDiscountLabel":null,"badge":null},{"code":"100034441","variantCode":"5740900402133","name":"Amestec tartinabil cu ulei de măsline 200g","slug":"100034441-lurpak-amestec-tartinabil-cu-ulei-de-masline-200g","unitPriceLabel":"87,45 Lei/kg","brand":"Lurpak","brandCode":"227","brandFilterCode":"lurpak-b228","sku":"100034441","price":17.49,"originalPrice":null,"currencyCode":"RON","currency":"Lei","image":{"thumbnail":{"default":"https://cdn.freshful.ro/media/cache/sylius_shop_product_thumbnail/29/0a/fb776d2796aa244a7f5166cbb651.jpg"},"large":{"default":"https://cdn.freshful.ro/media/cache/freshful_large/29/0a/fb776d2796aa244a7f5166cbb651.jpg"},"extralarge":{"default":"https://cdn.freshful.ro/media/cache/sylius_shop_product_original/29/0a/fb776d2796aa244a7f5166cbb651.jpg"}},"label":null,"tags":[],"isAvailable":true,"maxAvailableQuantity":33,"maxAllowedQuantity":100,"breadcrumbs":[{"code":"4","name":"Lactate & ouă","slug":"4-lactate-branzeturi-si-oua"},{"code":"408","name":"Amestecuri lactate și grasimi vegetale","slug":"amestecuri-lactate-si-grasimi-vegetale"},{"code":"40801","name":"Produse tartinabile","slug":"produse-tartinabile"},{"code":"100034441","name":"Amestec tartinabil cu ulei de măsline 200g","slug":"100034441-lurpak-amestec-tartinabil-cu-ulei-de-masline-200g"}],"activePromotion":null,"saveMe":null,"labels":[],"geniusPrice":null,"geniusUnitPricePerLabel":null,"banner":null,"discountLabel":null,"geniusDiscountLabel":null,"badge":null},{"code":"100034438","variantCode":"5740900402690","name":"Amestec tartinabil lighter nesărat 200g","slug":"100034438-lurpak-amestec-tartinabil-lighter-nesarat-200g","unitPriceLabel":"92,45 Lei/kg","brand":"Lurpak","brandCode":"227","brandFilterCode":"lurpak-b228","sku":"100034438","price":18.49,"originalPrice":null,"currencyCode":"RON","currency":"Lei","image":{"thumbnail":{"default":"https://cdn.freshful.ro/media/cache/sylius_shop_product_thumbnail/5b/a7/3d47112fc32954fd69a41ba4f77b.jpg"},"large":{"default":"https://cdn.freshful.ro/media/cache/freshful_large/5b/a7/3d47112fc32954fd69a41ba4f77b.jpg"},"extralarge":{"default":"https://cdn.freshful.ro/media/cache/sylius_shop_product_original/5b/a7/3d47112fc32954fd69a41ba4f77b.jpg"}},"label":null,"tags":[],"isAvailable":true,"maxAvailableQuantity":25,"maxAllowedQuantity":100,"breadcrumbs":[{"code":"4","name":"Lactate & ouă","slug":"4-lactate-branzeturi-si-oua"},{"code":"408","name":"Amestecuri lactate și grasimi vegetale","slug":"amestecuri-lactate-si-grasimi-vegetale"},{"code":"40801","name":"Produse tartinabile","slug":"produse-tartinabile"},{"code":"100034438","name":"Amestec tartinabil lighter nesărat 200g","slug":"100034438-lurpak-amestec-tartinabil-lighter-nesarat-200g"}],"activePromotion":null,"saveMe":null,"labels":[],"geniusPrice":null,"geniusUnitPricePerLabel":null,"banner":null,"discountLabel":null,"geniusDiscountLabel":null,"badge":null},{"code":"100129028","variantCode":"100129028","name":"Amestec tartinabil dulce Alpinesse 250g","slug":"100129028-meggle-amestec-tartinabil-dulce-alpinesse-250g","unitPriceLabel":"75,56 Lei/kg","brand":"Meggle","brandCode":"497","brandFilterCode":"meggle-b498","sku":"100129028","price":18.89,"originalPrice":null,"currencyCode":"RON","currency":"Lei","image":{"thumbnail":{"default":"https://cdn.freshful.ro/media/cache/sylius_shop_product_thumbnail/37/93/c3c5da731a3791dec45ddc6fc58f.jpg"},"large":{"default":"https://cdn.freshful.ro/media/cache/freshful_large/37/93/c3c5da731a3791dec45ddc6fc58f.jpg"},"extralarge":{"default":"https://cdn.freshful.ro/media/cache/sylius_shop_product_original/37/93/c3c5da731a3791dec45ddc6fc58f.jpg"}},"label":null,"tags":[],"isAvailable":true,"maxAvailableQuantity":8,"maxAllowedQuantity":100,"breadcrumbs":[{"code":"4","name":"Lactate & ouă","slug":"4-lactate-branzeturi-si-oua"},{"code":"408","name":"Amestecuri lactate și grasimi vegetale","slug":"amestecuri-lactate-si-grasimi-vegetale"},{"code":"40801","name":"Produse tartinabile","slug":"produse-tartinabile"},{"code":"100129028","name":"Amestec tartinabil dulce Alpinesse 250g","slug":"100129028-meggle-amestec-tartinabil-dulce-alpinesse-250g"}],"activePromotion":null,"saveMe":null,"labels":[],"geniusPrice":null,"geniusUnitPricePerLabel":null,"banner":null,"discountLabel":null,"geniusDiscountLabel":null,"badge":null},{"code":"100098826","variantCode":"4034900008206","name":"Amestec tartinabil sărat 250g","slug":"100098826-meggle-amestec-tartinabil-sarat-250g","unitPriceLabel":"79,96 Lei/kg","brand":"Meggle","brandCode":"497","brandFilterCode":"meggle-b498","sku":"100098826","price":19.99,"originalPrice":null,"currencyCode":"RON","currency":"Lei","image":{"thumbnail":{"default":"https://cdn.freshful.ro/media/cache/sylius_shop_product_thumbnail/3e/cb/2830414c25b1518306c2305b6424.jpg"},"large":{"default":"https://cdn.freshful.ro/media/cache/freshful_large/3e/cb/2830414c25b1518306c2305b6424.jpg"},"extralarge":{"default":"https://cdn.freshful.ro/media/cache/sylius_shop_product_original/3e/cb/2830414c25b1518306c2305b6424.jpg"}},"label":null,"tags":[],"isAvailable":true,"maxAvailableQuantity":11,"maxAllowedQuantity":100,"breadcrumbs":[{"code":"4","name":"Lactate & ouă","slug":"4-lactate-branzeturi-si-oua"},{"code":"408","name":"Amestecuri lactate și grasimi vegetale","slug":"amestecuri-lactate-si-grasimi-vegetale"},{"code":"40801","name":"Produse tartinabile","slug":"produse-tartinabile"},{"code":"100098826","name":"Amestec tartinabil sărat 250g","slug":"100098826-meggle-amestec-tartinabil-sarat-250g"}],"activePromotion":null,"saveMe":null,"labels":[],"geniusPrice":null,"geniusUnitPricePerLabel":null,"banner":null,"discountLabel":null,"geniusDiscountLabel":null,"badge":null}]}],"page":0,"limit":0,"pages":0,"count":0,"siblings":[],"children":[],"products":[],"filters":null,"orderBy":[],"metaTitle":"Lactate & ouă - Gamă variată","metaDescription":"Vrei Lactate & ouă? Alege dintr-o gamă variată. Comanzi simplu și ai livrare rapidă, calitate și prospețime. Hai pe Freshful.ro","metaKeywords":null,"banners":[]}}