{"type":"category","payload":{"analyticsListId":"category_5-mezeluri-si-ready-to-cook","analyticsListName":"Category - Mezeluri & ready meals","name":"Mezeluri & ready meals","slug":"5-mezeluri-si-ready-to-cook","image":null,"breadcrumbs":[{"code":"5","name":"Mezeluri & ready meals","slug":"5-mezeluri-si-ready-to-cook"}],"slots":[{"analyticsListId":"category-slot_501-mezeluri","analyticsListName":"Category Slot - Mezeluri","type":"products_carousel","title":"Mezeluri","link":{"title":"Mai multe","count":164,"url":"/c/5-mezeluri-si-ready-to-cook/501-mezeluri"},"products":[{"code":"100001845","variantCode":"5941265014225","name":"Cârnați oltenești 300g","slug":"100001845-matache-macelaru-carnati-oltenesti-300g","unitPriceLabel":"39,97 Lei/kg","brand":"Matache Măcelaru","brandCode":"77","brandFilterCode":"matache-macelaru-b75","sku":"100001845","price":11.99,"originalPrice":13.89,"currencyCode":"RON","currency":"Lei","image":{"thumbnail":{"default":"https://cdn.freshful.ro/media/cache/sylius_shop_product_thumbnail/41/1c/78b0b8028a272ac98f9d77623053.jpg"},"large":{"default":"https://cdn.freshful.ro/media/cache/freshful_large/41/1c/78b0b8028a272ac98f9d77623053.jpg"},"extralarge":{"default":"https://cdn.freshful.ro/media/cache/sylius_shop_product_original/41/1c/78b0b8028a272ac98f9d77623053.jpg"}},"label":{"text":"-13%","backgroundColor":"#FF9903","textColor":"#FFFFFF"},"tags":[{"type":"NoGluten","text":"Fara gluten","icon":"https://cdn.freshful.ro/assets/product_tags/fara_gluten.svg","iconPng":"https://cdn.freshful.ro/assets/product_tags/fara_gluten.png","backgroundColor":"#FFF2E5","textColor":"#F07900"}],"isAvailable":true,"maxAvailableQuantity":74,"maxAllowedQuantity":100,"breadcrumbs":[{"code":"5","name":"Mezeluri & ready meals","slug":"5-mezeluri-si-ready-to-cook"},{"code":"501","name":"Mezeluri","slug":"501-mezeluri"},{"code":"50108","name":"Cârnați","slug":"50108-carnati"},{"code":"100001845","name":"Cârnați oltenești 300g","slug":"100001845-matache-macelaru-carnati-oltenesti-300g"}],"activePromotion":{"code":"targ-bere-snacks-mar23","name":"Preț redus","targetQuantity":null},"saveMe":null,"labels":[{"type":"v1","items":[{"text":"-13%","backgroundColor":"#FF9903","textColor":"#FFFFFF"}]}],"geniusPrice":null,"geniusUnitPricePerLabel":null,"banner":{"text":"Super preț","textColor":"#FF0000","bgColor":"#FFF2EC","icon":null,"link":"https://www.freshful.ro/oferte/targ-bere-snacks-mar23","type":"promo","analyticsEventType":"select_promotion","analyticsEventPayload":{"promotion_id":"targ-bere-snacks-mar23","promotion_name":"Bere și snackuri pentru toate gusturile"}},"discountLabel":"Economisești 13%","geniusDiscountLabel":null,"badge":null},{"code":"100061593","variantCode":"100061593","name":"Crenvurști de porc 250g","slug":"100061593-meda-crenvursti-de-porc-250g","unitPriceLabel":"39,96 Lei/kg","brand":"Meda","brandCode":"701","brandFilterCode":"meda-b702","sku":"100061593","price":9.99,"originalPrice":11.49,"currencyCode":"RON","currency":"Lei","image":{"thumbnail":{"default":"https://cdn.freshful.ro/media/cache/sylius_shop_product_thumbnail/ae/3d/39951106ae2f367128a3b0383b2d.jpg"},"large":{"default":"https://cdn.freshful.ro/media/cache/freshful_large/ae/3d/39951106ae2f367128a3b0383b2d.jpg"},"extralarge":{"default":"https://cdn.freshful.ro/media/cache/sylius_shop_product_original/ae/3d/39951106ae2f367128a3b0383b2d.jpg"}},"label":{"text":"-13%","backgroundColor":"#FF9903","textColor":"#FFFFFF"},"tags":[],"isAvailable":true,"maxAvailableQuantity":2,"maxAllowedQuantity":2,"breadcrumbs":[{"code":"5","name":"Mezeluri & ready meals","slug":"5-mezeluri-si-ready-to-cook"},{"code":"501","name":"Mezeluri","slug":"501-mezeluri"},{"code":"50107","name":"Crenvurști","slug":"50107-crenvursti"},{"code":"100061593","name":"Crenvurști de porc 250g","slug":"100061593-meda-crenvursti-de-porc-250g"}],"activePromotion":{"code":"bunatatile-saptamanii-cw0923","name":"Preț redus","targetQuantity":null},"saveMe":null,"labels":[{"type":"v1","items":[{"text":"-13%","backgroundColor":"#FF9903","textColor":"#FFFFFF"}]}],"geniusPrice":null,"geniusUnitPricePerLabel":null,"banner":{"text":"Super preț","textColor":"#FF0000","bgColor":"#FFF2EC","icon":null,"link":"https://www.freshful.ro/oferte/bunatatile-saptamanii-cw0923","type":"promo","analyticsEventType":"select_promotion","analyticsEventPayload":{"promotion_id":"bunatatile-saptamanii-cw0923","promotion_name":"Oferta proaspătă a săptămânii"}},"discountLabel":"Economisești 13%","geniusDiscountLabel":null,"badge":null},{"code":"100045012","variantCode":"5941772002845","name":"Snacks șoric 100g","slug":"100045012-marcel-snacks-soric-100g","unitPriceLabel":"69,9 Lei/kg","brand":"Marcel","brandCode":"825","brandFilterCode":"marcel-b826","sku":"100045012","price":6.99,"originalPrice":9.49,"currencyCode":"RON","currency":"Lei","image":{"thumbnail":{"default":"https://cdn.freshful.ro/media/cache/sylius_shop_product_thumbnail/34/94/8ac22091f6506611041d027e4d21.jpg"},"large":{"default":"https://cdn.freshful.ro/media/cache/freshful_large/34/94/8ac22091f6506611041d027e4d21.jpg"},"extralarge":{"default":"https://cdn.freshful.ro/media/cache/sylius_shop_product_original/34/94/8ac22091f6506611041d027e4d21.jpg"}},"label":{"text":"-26%","backgroundColor":"#FF9903","textColor":"#FFFFFF"},"tags":[{"type":"MadeInRomania","text":"Made In Romania","icon":"https://cdn.freshful.ro/assets/product_tags/made_in_romania.svg","iconPng":"https://cdn.freshful.ro/assets/product_tags/made_in_romania.png","backgroundColor":"#EDF2FD","textColor":"#1653CA"}],"isAvailable":true,"maxAvailableQuantity":2,"maxAllowedQuantity":2,"breadcrumbs":[{"code":"5","name":"Mezeluri & ready meals","slug":"5-mezeluri-si-ready-to-cook"},{"code":"501","name":"Mezeluri","slug":"501-mezeluri"},{"code":"50110","name":"Mezeluri de specialitate","slug":"50110-mezeluri-de-specialitate"},{"code":"100045012","name":"Snacks șoric 100g","slug":"100045012-marcel-snacks-soric-100g"}],"activePromotion":{"code":"bunatatile-saptamanii-cw0923","name":"Preț redus","targetQuantity":null},"saveMe":null,"labels":[{"type":"v1","items":[{"text":"-26%","backgroundColor":"#FF9903","textColor":"#FFFFFF"}]}],"geniusPrice":null,"geniusUnitPricePerLabel":null,"banner":{"text":"Super preț","textColor":"#FF0000","bgColor":"#FFF2EC","icon":null,"link":"https://www.freshful.ro/oferte/bunatatile-saptamanii-cw0923","type":"promo","analyticsEventType":"select_promotion","analyticsEventPayload":{"promotion_id":"bunatatile-saptamanii-cw0923","promotion_name":"Oferta proaspătă a săptămânii"}},"discountLabel":"Economisești 26%","geniusDiscountLabel":null,"badge":null},{"code":"100031488","variantCode":"5941460008227","name":"Babic feliat plic 150g","slug":"100031488-agricola-babic-feliat-plic-150g","unitPriceLabel":"113,27 Lei/kg","brand":"Agricola","brandCode":"70","brandFilterCode":"agricola-b68","sku":"100031488","price":16.99,"originalPrice":17.99,"currencyCode":"RON","currency":"Lei","image":{"thumbnail":{"default":"https://cdn.freshful.ro/media/cache/sylius_shop_product_thumbnail/4d/19/518b9aba6935e76fb51d6e8cec22.jpg"},"large":{"default":"https://cdn.freshful.ro/media/cache/freshful_large/4d/19/518b9aba6935e76fb51d6e8cec22.jpg"},"extralarge":{"default":"https://cdn.freshful.ro/media/cache/sylius_shop_product_original/4d/19/518b9aba6935e76fb51d6e8cec22.jpg"}},"label":{"text":"-5%","backgroundColor":"#FF9903","textColor":"#FFFFFF"},"tags":[],"isAvailable":true,"maxAvailableQuantity":49,"maxAllowedQuantity":100,"breadcrumbs":[{"code":"5","name":"Mezeluri & ready meals","slug":"5-mezeluri-si-ready-to-cook"},{"code":"501","name":"Mezeluri","slug":"501-mezeluri"},{"code":"50108","name":"Cârnați","slug":"50108-carnati"},{"code":"100031488","name":"Babic feliat plic 150g","slug":"100031488-agricola-babic-feliat-plic-150g"}],"activePromotion":{"code":"targ-bere-snacks-mar23","name":"Preț redus","targetQuantity":null},"saveMe":null,"labels":[{"type":"v1","items":[{"text":"-5%","backgroundColor":"#FF9903","textColor":"#FFFFFF"}]}],"geniusPrice":null,"geniusUnitPricePerLabel":null,"banner":{"text":"Super preț","textColor":"#FF0000","bgColor":"#FFF2EC","icon":null,"link":"https://www.freshful.ro/oferte/targ-bere-snacks-mar23","type":"promo","analyticsEventType":"select_promotion","analyticsEventPayload":{"promotion_id":"targ-bere-snacks-mar23","promotion_name":"Bere și snackuri pentru toate gusturile"}},"discountLabel":"Economisești 5%","geniusDiscountLabel":null,"badge":null},{"code":"100098810","variantCode":"100098810","name":"Cârnați mini sticks cu nuci și roquefort 100g","slug":"100098810-auvernou-carnati-mini-sticks-cu-nuci-si-roquefort-100g","unitPriceLabel":"199,9 Lei/kg","brand":"Auvernou","brandCode":"1650","brandFilterCode":"auvernou-b1654","sku":"100098810","price":19.99,"originalPrice":23.29,"currencyCode":"RON","currency":"Lei","image":{"thumbnail":{"default":"https://cdn.freshful.ro/media/cache/sylius_shop_product_thumbnail/b5/33/41e98d59d4e4854581f441eff398.jpg"},"large":{"default":"https://cdn.freshful.ro/media/cache/freshful_large/b5/33/41e98d59d4e4854581f441eff398.jpg"},"extralarge":{"default":"https://cdn.freshful.ro/media/cache/sylius_shop_product_original/b5/33/41e98d59d4e4854581f441eff398.jpg"}},"label":{"text":"-14%","backgroundColor":"#FF9903","textColor":"#FFFFFF"},"tags":[],"isAvailable":true,"maxAvailableQuantity":100,"maxAllowedQuantity":100,"breadcrumbs":[{"code":"5","name":"Mezeluri & ready meals","slug":"5-mezeluri-si-ready-to-cook"},{"code":"501","name":"Mezeluri","slug":"501-mezeluri"},{"code":"50108","name":"Cârnați","slug":"50108-carnati"},{"code":"100098810","name":"Cârnați mini sticks cu nuci și roquefort 100g","slug":"100098810-auvernou-carnati-mini-sticks-cu-nuci-si-roquefort-100g"}],"activePromotion":{"code":"targ-bere-snacks-mar23","name":"Preț redus","targetQuantity":null},"saveMe":null,"labels":[{"type":"v1","items":[{"text":"-14%","backgroundColor":"#FF9903","textColor":"#FFFFFF"}]}],"geniusPrice":null,"geniusUnitPricePerLabel":null,"banner":{"text":"Super preț","textColor":"#FF0000","bgColor":"#FFF2EC","icon":null,"link":"https://www.freshful.ro/oferte/targ-bere-snacks-mar23","type":"promo","analyticsEventType":"select_promotion","analyticsEventPayload":{"promotion_id":"targ-bere-snacks-mar23","promotion_name":"Bere și snackuri pentru toate gusturile"}},"discountLabel":"Economisești 14%","geniusDiscountLabel":null,"badge":null},{"code":"100000930","variantCode":"5949050300010","name":"Salam Fuet extra 175g","slug":"100000930-espina-salam-fuet-extra-175g","unitPriceLabel":"97,09 Lei/kg","brand":"Espina","brandCode":"47","brandFilterCode":"espina-b42","sku":"100000930","price":16.99,"originalPrice":23.99,"currencyCode":"RON","currency":"Lei","image":{"thumbnail":{"default":"https://cdn.freshful.ro/media/cache/sylius_shop_product_thumbnail/3a/47/0f25ba2c7dafa7c08bbe1c542789.jpg"},"large":{"default":"https://cdn.freshful.ro/media/cache/freshful_large/3a/47/0f25ba2c7dafa7c08bbe1c542789.jpg"},"extralarge":{"default":"https://cdn.freshful.ro/media/cache/sylius_shop_product_original/3a/47/0f25ba2c7dafa7c08bbe1c542789.jpg"}},"label":{"text":"-29%","backgroundColor":"#FF9903","textColor":"#FFFFFF"},"tags":[{"type":"NoGluten","text":"Fara gluten","icon":"https://cdn.freshful.ro/assets/product_tags/fara_gluten.svg","iconPng":"https://cdn.freshful.ro/assets/product_tags/fara_gluten.png","backgroundColor":"#FFF2E5","textColor":"#F07900"}],"isAvailable":true,"maxAvailableQuantity":40,"maxAllowedQuantity":100,"breadcrumbs":[{"code":"5","name":"Mezeluri & ready meals","slug":"5-mezeluri-si-ready-to-cook"},{"code":"501","name":"Mezeluri","slug":"501-mezeluri"},{"code":"50112","name":"Salam","slug":"50112-salam"},{"code":"100000930","name":"Salam Fuet extra 175g","slug":"100000930-espina-salam-fuet-extra-175g"}],"activePromotion":{"code":"bunatatile-saptamanii-cw0923","name":"Preț redus","targetQuantity":null},"saveMe":null,"labels":[{"type":"v1","items":[{"text":"-29%","backgroundColor":"#FF9903","textColor":"#FFFFFF"}]}],"geniusPrice":null,"geniusUnitPricePerLabel":null,"banner":{"text":"Super preț","textColor":"#FF0000","bgColor":"#FFF2EC","icon":null,"link":"https://www.freshful.ro/oferte/bunatatile-saptamanii-cw0923","type":"promo","analyticsEventType":"select_promotion","analyticsEventPayload":{"promotion_id":"bunatatile-saptamanii-cw0923","promotion_name":"Oferta proaspătă a săptămânii"}},"discountLabel":"Economisești 29%","geniusDiscountLabel":null,"badge":null},{"code":"100031486","variantCode":"5941460010978","name":"Cârnați sticks picanți 150g","slug":"100031486-agricola-carnati-sticks-picanti-150g","unitPriceLabel":"79,93 Lei/kg","brand":"Agricola","brandCode":"70","brandFilterCode":"agricola-b68","sku":"100031486","price":11.99,"originalPrice":14.49,"currencyCode":"RON","currency":"Lei","image":{"thumbnail":{"default":"https://cdn.freshful.ro/media/cache/sylius_shop_product_thumbnail/02/8f/baf31211ac25cf3f1751cb0f742e.jpg"},"large":{"default":"https://cdn.freshful.ro/media/cache/freshful_large/02/8f/baf31211ac25cf3f1751cb0f742e.jpg"},"extralarge":{"default":"https://cdn.freshful.ro/media/cache/sylius_shop_product_original/02/8f/baf31211ac25cf3f1751cb0f742e.jpg"}},"label":{"text":"-17%","backgroundColor":"#FF9903","textColor":"#FFFFFF"},"tags":[],"isAvailable":true,"maxAvailableQuantity":35,"maxAllowedQuantity":100,"breadcrumbs":[{"code":"5","name":"Mezeluri & ready meals","slug":"5-mezeluri-si-ready-to-cook"},{"code":"501","name":"Mezeluri","slug":"501-mezeluri"},{"code":"50108","name":"Cârnați","slug":"50108-carnati"},{"code":"100031486","name":"Cârnați sticks picanți 150g","slug":"100031486-agricola-carnati-sticks-picanti-150g"}],"activePromotion":{"code":"targ-bere-snacks-mar23","name":"Preț redus","targetQuantity":null},"saveMe":null,"labels":[{"type":"v1","items":[{"text":"-17%","backgroundColor":"#FF9903","textColor":"#FFFFFF"}]}],"geniusPrice":null,"geniusUnitPricePerLabel":null,"banner":{"text":"Super preț","textColor":"#FF0000","bgColor":"#FFF2EC","icon":null,"link":"https://www.freshful.ro/oferte/targ-bere-snacks-mar23","type":"promo","analyticsEventType":"select_promotion","analyticsEventPayload":{"promotion_id":"targ-bere-snacks-mar23","promotion_name":"Bere și snackuri pentru toate gusturile"}},"discountLabel":"Economisești 17%","geniusDiscountLabel":null,"badge":null},{"code":"100105093","variantCode":"100105093","name":"Cârnăciori de bere 400g","slug":"100105093-angst-carnaciori-de-bere-400g","unitPriceLabel":"44,98 Lei/kg","brand":"Angst","brandCode":"217","brandFilterCode":"angst-b218","sku":"100105093","price":17.99,"originalPrice":20.99,"currencyCode":"RON","currency":"Lei","image":{"thumbnail":{"default":"https://cdn.freshful.ro/media/cache/sylius_shop_product_thumbnail/cb/93/6690ea548494300b0b8350760904.jpg"},"large":{"default":"https://cdn.freshful.ro/media/cache/freshful_large/cb/93/6690ea548494300b0b8350760904.jpg"},"extralarge":{"default":"https://cdn.freshful.ro/media/cache/sylius_shop_product_original/cb/93/6690ea548494300b0b8350760904.jpg"}},"label":{"text":"-14%","backgroundColor":"#FF9903","textColor":"#FFFFFF"},"tags":[],"isAvailable":true,"maxAvailableQuantity":11,"maxAllowedQuantity":100,"breadcrumbs":[{"code":"5","name":"Mezeluri & ready meals","slug":"5-mezeluri-si-ready-to-cook"},{"code":"501","name":"Mezeluri","slug":"501-mezeluri"},{"code":"50108","name":"Cârnați","slug":"50108-carnati"},{"code":"100105093","name":"Cârnăciori de bere 400g","slug":"100105093-angst-carnaciori-de-bere-400g"}],"activePromotion":{"code":"targ-bere-snacks-mar23","name":"Preț redus","targetQuantity":null},"saveMe":null,"labels":[{"type":"v1","items":[{"text":"-14%","backgroundColor":"#FF9903","textColor":"#FFFFFF"}]}],"geniusPrice":null,"geniusUnitPricePerLabel":null,"banner":{"text":"Super preț","textColor":"#FF0000","bgColor":"#FFF2EC","icon":null,"link":"https://www.freshful.ro/oferte/targ-bere-snacks-mar23","type":"promo","analyticsEventType":"select_promotion","analyticsEventPayload":{"promotion_id":"targ-bere-snacks-mar23","promotion_name":"Bere și snackuri pentru toate gusturile"}},"discountLabel":"Economisești 14%","geniusDiscountLabel":null,"badge":null},{"code":"100141080","variantCode":"100141080","name":"Cârnați mini sticks 100g","slug":"100141080-auvernou-carnati-mini-sticks-100g","unitPriceLabel":"179,9 Lei/kg","brand":"Auvernou","brandCode":"1650","brandFilterCode":"auvernou-b1654","sku":"100141080","price":17.99,"originalPrice":20.49,"currencyCode":"RON","currency":"Lei","image":{"thumbnail":{"default":"https://cdn.freshful.ro/media/cache/sylius_shop_product_thumbnail/63/53/4c3e899e52dacfe5ccfc123105a2.jpg"},"large":{"default":"https://cdn.freshful.ro/media/cache/freshful_large/63/53/4c3e899e52dacfe5ccfc123105a2.jpg"},"extralarge":{"default":"https://cdn.freshful.ro/media/cache/sylius_shop_product_original/63/53/4c3e899e52dacfe5ccfc123105a2.jpg"}},"label":{"text":"-12%","backgroundColor":"#FF9903","textColor":"#FFFFFF"},"tags":[],"isAvailable":true,"maxAvailableQuantity":21,"maxAllowedQuantity":100,"breadcrumbs":[{"code":"5","name":"Mezeluri & ready meals","slug":"5-mezeluri-si-ready-to-cook"},{"code":"501","name":"Mezeluri","slug":"501-mezeluri"},{"code":"50108","name":"Cârnați","slug":"50108-carnati"},{"code":"100141080","name":"Cârnați mini sticks 100g","slug":"100141080-auvernou-carnati-mini-sticks-100g"}],"activePromotion":{"code":"targ-bere-snacks-mar23","name":"Preț redus","targetQuantity":null},"saveMe":null,"labels":[{"type":"v1","items":[{"text":"-12%","backgroundColor":"#FF9903","textColor":"#FFFFFF"}]}],"geniusPrice":null,"geniusUnitPricePerLabel":null,"banner":{"text":"Super preț","textColor":"#FF0000","bgColor":"#FFF2EC","icon":null,"link":"https://www.freshful.ro/oferte/targ-bere-snacks-mar23","type":"promo","analyticsEventType":"select_promotion","analyticsEventPayload":{"promotion_id":"targ-bere-snacks-mar23","promotion_name":"Bere și snackuri pentru toate gusturile"}},"discountLabel":"Economisești 12%","geniusDiscountLabel":null,"badge":null},{"code":"100129624","variantCode":"100129624","name":"Cârnaţi Pepperoni 150g","slug":"100129624-delicii-din-traditii-carnati-pepperoni-150g","unitPriceLabel":"76,6 Lei/kg","brand":"Delicii din Tradiţii","brandCode":"581","brandFilterCode":"delicii-din-traditii-b582","sku":"100129624","price":11.49,"originalPrice":13.99,"currencyCode":"RON","currency":"Lei","image":{"thumbnail":{"default":"https://cdn.freshful.ro/media/cache/sylius_shop_product_thumbnail/e0/94/98b9256e6062deedc93dbb76cc97.jpg"},"large":{"default":"https://cdn.freshful.ro/media/cache/freshful_large/e0/94/98b9256e6062deedc93dbb76cc97.jpg"},"extralarge":{"default":"https://cdn.freshful.ro/media/cache/sylius_shop_product_original/e0/94/98b9256e6062deedc93dbb76cc97.jpg"}},"label":{"text":"-17%","backgroundColor":"#FF9903","textColor":"#FFFFFF"},"tags":[{"type":"MadeInRomania","text":"Made In Romania","icon":"https://cdn.freshful.ro/assets/product_tags/made_in_romania.svg","iconPng":"https://cdn.freshful.ro/assets/product_tags/made_in_romania.png","backgroundColor":"#EDF2FD","textColor":"#1653CA"}],"isAvailable":true,"maxAvailableQuantity":20,"maxAllowedQuantity":100,"breadcrumbs":[{"code":"5","name":"Mezeluri & ready meals","slug":"5-mezeluri-si-ready-to-cook"},{"code":"501","name":"Mezeluri","slug":"501-mezeluri"},{"code":"50108","name":"Cârnați","slug":"50108-carnati"},{"code":"100129624","name":"Cârnaţi Pepperoni 150g","slug":"100129624-delicii-din-traditii-carnati-pepperoni-150g"}],"activePromotion":{"code":"bunatatile-saptamanii-cw0923","name":"Preț redus","targetQuantity":null},"saveMe":null,"labels":[{"type":"v1","items":[{"text":"-17%","backgroundColor":"#FF9903","textColor":"#FFFFFF"}]}],"geniusPrice":null,"geniusUnitPricePerLabel":null,"banner":{"text":"Super preț","textColor":"#FF0000","bgColor":"#FFF2EC","icon":null,"link":"https://www.freshful.ro/oferte/bunatatile-saptamanii-cw0923","type":"promo","analyticsEventType":"select_promotion","analyticsEventPayload":{"promotion_id":"bunatatile-saptamanii-cw0923","promotion_name":"Oferta proaspătă a săptămânii"}},"discountLabel":"Economisești 17%","geniusDiscountLabel":null,"badge":null}]},{"analyticsListId":"category-slot_502-mezeluri-feliate","analyticsListName":"Category Slot - Mezeluri feliate","type":"products_carousel","title":"Mezeluri feliate","link":{"title":"Mai multe","count":185,"url":"/c/5-mezeluri-si-ready-to-cook/502-mezeluri-feliate"},"products":[{"code":"100001815","variantCode":"5941265018575","name":"Mușchi file 100g","slug":"100001815-matache-macelaru-muschi-file-100g","unitPriceLabel":"77,5 Lei/kg","brand":"Matache Măcelaru","brandCode":"77","brandFilterCode":"matache-macelaru-b75","sku":"100001815","price":7.75,"originalPrice":null,"currencyCode":"RON","currency":"Lei","image":{"thumbnail":{"default":"https://cdn.freshful.ro/media/cache/sylius_shop_product_thumbnail/8e/4e/c779cb91021b728dbfd9b6450640.jpg"},"large":{"default":"https://cdn.freshful.ro/media/cache/freshful_large/8e/4e/c779cb91021b728dbfd9b6450640.jpg"},"extralarge":{"default":"https://cdn.freshful.ro/media/cache/sylius_shop_product_original/8e/4e/c779cb91021b728dbfd9b6450640.jpg"}},"label":{"text":"-20% cu Genius","backgroundColor":"#FEF3FA","textColor":"#CD015F"},"tags":[{"type":"NoGluten","text":"Fara gluten","icon":"https://cdn.freshful.ro/assets/product_tags/fara_gluten.svg","iconPng":"https://cdn.freshful.ro/assets/product_tags/fara_gluten.png","backgroundColor":"#FFF2E5","textColor":"#F07900"}],"isAvailable":true,"maxAvailableQuantity":3,"maxAllowedQuantity":3,"breadcrumbs":[{"code":"5","name":"Mezeluri & ready meals","slug":"5-mezeluri-si-ready-to-cook"},{"code":"502","name":"Mezeluri feliate","slug":"502-mezeluri-feliate"},{"code":"50202","name":"Mezeluri de porc feliate","slug":"50202-mezeluri-de-porc-feliate"},{"code":"100001815","name":"Mușchi file 100g","slug":"100001815-matache-macelaru-muschi-file-100g"}],"activePromotion":null,"saveMe":null,"labels":[{"type":"gdeals","items":[{"text":"","backgroundColor":"","textColor":""}]},{"type":"v3","items":[{"text":"-20% cu Genius","backgroundColor":"#FEF3FA","textColor":"#CD015F"}]}],"geniusPrice":6.2,"geniusUnitPricePerLabel":"62 Lei/kg","banner":null,"discountLabel":null,"geniusDiscountLabel":"Economisești 20%","badge":null},{"code":"100148135","variantCode":"100148135","name":"Șuncă Praga 150g","slug":"100148135-matache-macelaru-sunca-praga-150g","unitPriceLabel":"60,6 Lei/kg","brand":"Matache Măcelaru","brandCode":"77","brandFilterCode":"matache-macelaru-b75","sku":"100148135","price":9.09,"originalPrice":11.49,"currencyCode":"RON","currency":"Lei","image":{"thumbnail":{"default":"https://cdn.freshful.ro/media/cache/sylius_shop_product_thumbnail/9e/85/20a9b046ac1896a8fe7030cdcd61.jpg"},"large":{"default":"https://cdn.freshful.ro/media/cache/freshful_large/9e/85/20a9b046ac1896a8fe7030cdcd61.jpg"},"extralarge":{"default":"https://cdn.freshful.ro/media/cache/sylius_shop_product_original/9e/85/20a9b046ac1896a8fe7030cdcd61.jpg"}},"label":{"text":"-20%","backgroundColor":"#FF9903","textColor":"#FFFFFF"},"tags":[{"type":"NoGluten","text":"Fara gluten","icon":"https://cdn.freshful.ro/assets/product_tags/fara_gluten.svg","iconPng":"https://cdn.freshful.ro/assets/product_tags/fara_gluten.png","backgroundColor":"#FFF2E5","textColor":"#F07900"}],"isAvailable":true,"maxAvailableQuantity":100,"maxAllowedQuantity":100,"breadcrumbs":[{"code":"5","name":"Mezeluri & ready meals","slug":"5-mezeluri-si-ready-to-cook"},{"code":"502","name":"Mezeluri feliate","slug":"502-mezeluri-feliate"},{"code":"50202","name":"Mezeluri de porc feliate","slug":"50202-mezeluri-de-porc-feliate"},{"code":"100148135","name":"Șuncă Praga 150g","slug":"100148135-matache-macelaru-sunca-praga-150g"}],"activePromotion":{"code":"freshful-top-deals-2023","name":"Preț redus","targetQuantity":null},"saveMe":null,"labels":[{"type":"v1","items":[{"text":"-20%","backgroundColor":"#FF9903","textColor":"#FFFFFF"}]}],"geniusPrice":null,"geniusUnitPricePerLabel":null,"banner":{"text":"Super preț","textColor":"#FF0000","bgColor":"#FFF2EC","icon":null,"link":"https://www.freshful.ro/oferte/freshful-top-deals-2023","type":"promo","analyticsEventType":"select_promotion","analyticsEventPayload":{"promotion_id":"freshful-top-deals-2023","promotion_name":"Profită de Top Deals"}},"discountLabel":"Economisești 20%","geniusDiscountLabel":null,"badge":null},{"code":"100001819","variantCode":"5941265000433","name":"Salam săsesc 100g","slug":"100001819-cris-tim-salam-sasesc-100g","unitPriceLabel":"55,9 Lei/kg","brand":"Cris-Tim","brandCode":"76","brandFilterCode":"cris-tim-b74","sku":"100001819","price":5.59,"originalPrice":6.59,"currencyCode":"RON","currency":"Lei","image":{"thumbnail":{"default":"https://cdn.freshful.ro/media/cache/sylius_shop_product_thumbnail/b5/86/e12ffa0dffb4b737b17dc0dda650.jpg"},"large":{"default":"https://cdn.freshful.ro/media/cache/freshful_large/b5/86/e12ffa0dffb4b737b17dc0dda650.jpg"},"extralarge":{"default":"https://cdn.freshful.ro/media/cache/sylius_shop_product_original/b5/86/e12ffa0dffb4b737b17dc0dda650.jpg"}},"label":{"text":"-15%","backgroundColor":"#FF9903","textColor":"#FFFFFF"},"tags":[],"isAvailable":true,"maxAvailableQuantity":100,"maxAllowedQuantity":100,"breadcrumbs":[{"code":"5","name":"Mezeluri & ready meals","slug":"5-mezeluri-si-ready-to-cook"},{"code":"502","name":"Mezeluri feliate","slug":"502-mezeluri-feliate"},{"code":"50202","name":"Mezeluri de porc feliate","slug":"50202-mezeluri-de-porc-feliate"},{"code":"100001819","name":"Salam săsesc 100g","slug":"100001819-cris-tim-salam-sasesc-100g"}],"activePromotion":{"code":"freshful-top-deals-2023","name":"Preț redus","targetQuantity":null},"saveMe":null,"labels":[{"type":"v1","items":[{"text":"-15%","backgroundColor":"#FF9903","textColor":"#FFFFFF"}]}],"geniusPrice":null,"geniusUnitPricePerLabel":null,"banner":{"text":"Super preț","textColor":"#FF0000","bgColor":"#FFF2EC","icon":null,"link":"https://www.freshful.ro/oferte/freshful-top-deals-2023","type":"promo","analyticsEventType":"select_promotion","analyticsEventPayload":{"promotion_id":"freshful-top-deals-2023","promotion_name":"Profită de Top Deals"}},"discountLabel":"Economisești 15%","geniusDiscountLabel":null,"badge":null},{"code":"100001812","variantCode":"5941265020042","name":"Șuncă piept de curcan 100g","slug":"100001812-cris-tim-sunca-piept-de-curcan-100g","unitPriceLabel":"69,9 Lei/kg","brand":"Cris-Tim","brandCode":"76","brandFilterCode":"cris-tim-b74","sku":"100001812","price":6.99,"originalPrice":9.79,"currencyCode":"RON","currency":"Lei","image":{"thumbnail":{"default":"https://cdn.freshful.ro/media/cache/sylius_shop_product_thumbnail/c2/3c/d522e97b45ac3ca9a4f9b8e9bb9d.jpg"},"large":{"default":"https://cdn.freshful.ro/media/cache/freshful_large/c2/3c/d522e97b45ac3ca9a4f9b8e9bb9d.jpg"},"extralarge":{"default":"https://cdn.freshful.ro/media/cache/sylius_shop_product_original/c2/3c/d522e97b45ac3ca9a4f9b8e9bb9d.jpg"}},"label":{"text":"-28%","backgroundColor":"#FF9903","textColor":"#FFFFFF"},"tags":[],"isAvailable":true,"maxAvailableQuantity":100,"maxAllowedQuantity":100,"breadcrumbs":[{"code":"5","name":"Mezeluri & ready meals","slug":"5-mezeluri-si-ready-to-cook"},{"code":"502","name":"Mezeluri feliate","slug":"502-mezeluri-feliate"},{"code":"50201","name":"Mezeluri de pasăre feliate","slug":"50201-mezeluri-de-pasare-feliate"},{"code":"100001812","name":"Șuncă piept de curcan 100g","slug":"100001812-cris-tim-sunca-piept-de-curcan-100g"}],"activePromotion":{"code":"bunatatile-saptamanii-cw0923","name":"Preț redus","targetQuantity":null},"saveMe":null,"labels":[{"type":"v1","items":[{"text":"-28%","backgroundColor":"#FF9903","textColor":"#FFFFFF"}]}],"geniusPrice":null,"geniusUnitPricePerLabel":null,"banner":{"text":"Super preț","textColor":"#FF0000","bgColor":"#FFF2EC","icon":null,"link":"https://www.freshful.ro/oferte/bunatatile-saptamanii-cw0923","type":"promo","analyticsEventType":"select_promotion","analyticsEventPayload":{"promotion_id":"bunatatile-saptamanii-cw0923","promotion_name":"Oferta proaspătă a săptămânii"}},"discountLabel":"Economisești 28%","geniusDiscountLabel":null,"badge":null},{"code":"100062997","variantCode":"100062997","name":"Mușchi file cu înveliș de mirodenii, feliat 100g","slug":"100062997-reinert-muschi-file-cu-invelis-de-mirodenii-feliat-100g","unitPriceLabel":"74,9 Lei/kg","brand":"Reinert","brandCode":"955","brandFilterCode":"reinert-b969","sku":"100062997","price":7.49,"originalPrice":8.75,"currencyCode":"RON","currency":"Lei","image":{"thumbnail":{"default":"https://cdn.freshful.ro/media/cache/sylius_shop_product_thumbnail/f1/8b/33e9638b61e7d5dd3f3a6d233333.jpg"},"large":{"default":"https://cdn.freshful.ro/media/cache/freshful_large/f1/8b/33e9638b61e7d5dd3f3a6d233333.jpg"},"extralarge":{"default":"https://cdn.freshful.ro/media/cache/sylius_shop_product_original/f1/8b/33e9638b61e7d5dd3f3a6d233333.jpg"}},"label":{"text":"-14%","backgroundColor":"#FF9903","textColor":"#FFFFFF"},"tags":[],"isAvailable":true,"maxAvailableQuantity":9,"maxAllowedQuantity":100,"breadcrumbs":[{"code":"5","name":"Mezeluri & ready meals","slug":"5-mezeluri-si-ready-to-cook"},{"code":"502","name":"Mezeluri feliate","slug":"502-mezeluri-feliate"},{"code":"50202","name":"Mezeluri de porc feliate","slug":"50202-mezeluri-de-porc-feliate"},{"code":"100062997","name":"Mușchi file cu înveliș de mirodenii, feliat 100g","slug":"100062997-reinert-muschi-file-cu-invelis-de-mirodenii-feliat-100g"}],"activePromotion":{"code":"bunatatile-saptamanii-cw0923","name":"Preț redus","targetQuantity":null},"saveMe":null,"labels":[{"type":"v1","items":[{"text":"-14%","backgroundColor":"#FF9903","textColor":"#FFFFFF"}]}],"geniusPrice":null,"geniusUnitPricePerLabel":null,"banner":{"text":"Super preț","textColor":"#FF0000","bgColor":"#FFF2EC","icon":null,"link":"https://www.freshful.ro/oferte/bunatatile-saptamanii-cw0923","type":"promo","analyticsEventType":"select_promotion","analyticsEventPayload":{"promotion_id":"bunatatile-saptamanii-cw0923","promotion_name":"Oferta proaspătă a săptămânii"}},"discountLabel":"Economisești 14%","geniusDiscountLabel":null,"badge":null},{"code":"100001810","variantCode":"5941265019954","name":"Șuncă piept de pui 100g","slug":"100001810-cris-tim-sunca-piept-de-pui-100g","unitPriceLabel":"59,9 Lei/kg","brand":"Cris-Tim","brandCode":"76","brandFilterCode":"cris-tim-b74","sku":"100001810","price":5.99,"originalPrice":8.19,"currencyCode":"RON","currency":"Lei","image":{"thumbnail":{"default":"https://cdn.freshful.ro/media/cache/sylius_shop_product_thumbnail/88/8e/fe0de0d9f7c21944bca71bd77a98.jpg"},"large":{"default":"https://cdn.freshful.ro/media/cache/freshful_large/88/8e/fe0de0d9f7c21944bca71bd77a98.jpg"},"extralarge":{"default":"https://cdn.freshful.ro/media/cache/sylius_shop_product_original/88/8e/fe0de0d9f7c21944bca71bd77a98.jpg"}},"label":{"text":"-26%","backgroundColor":"#FF9903","textColor":"#FFFFFF"},"tags":[{"type":"NoGluten","text":"Fara gluten","icon":"https://cdn.freshful.ro/assets/product_tags/fara_gluten.svg","iconPng":"https://cdn.freshful.ro/assets/product_tags/fara_gluten.png","backgroundColor":"#FFF2E5","textColor":"#F07900"}],"isAvailable":true,"maxAvailableQuantity":100,"maxAllowedQuantity":100,"breadcrumbs":[{"code":"5","name":"Mezeluri & ready meals","slug":"5-mezeluri-si-ready-to-cook"},{"code":"502","name":"Mezeluri feliate","slug":"502-mezeluri-feliate"},{"code":"50201","name":"Mezeluri de pasăre feliate","slug":"50201-mezeluri-de-pasare-feliate"},{"code":"100001810","name":"Șuncă piept de pui 100g","slug":"100001810-cris-tim-sunca-piept-de-pui-100g"}],"activePromotion":{"code":"bunatatile-saptamanii-cw0923","name":"Preț redus","targetQuantity":null},"saveMe":null,"labels":[{"type":"v1","items":[{"text":"-26%","backgroundColor":"#FF9903","textColor":"#FFFFFF"}]}],"geniusPrice":null,"geniusUnitPricePerLabel":null,"banner":{"text":"Super preț","textColor":"#FF0000","bgColor":"#FFF2EC","icon":null,"link":"https://www.freshful.ro/oferte/bunatatile-saptamanii-cw0923","type":"promo","analyticsEventType":"select_promotion","analyticsEventPayload":{"promotion_id":"bunatatile-saptamanii-cw0923","promotion_name":"Oferta proaspătă a săptămânii"}},"discountLabel":"Economisești 26%","geniusDiscountLabel":null,"badge":null},{"code":"100136876","variantCode":"100136876","name":"Șuncă de porc obrăjori 80g","slug":"100136876-cris-tim-sunca-de-porc-obrajori-80g","unitPriceLabel":"84,88 Lei/kg","brand":"Cris-Tim","brandCode":"76","brandFilterCode":"cris-tim-b74","sku":"100136876","price":6.79,"originalPrice":7.99,"currencyCode":"RON","currency":"Lei","image":{"thumbnail":{"default":"https://cdn.freshful.ro/media/cache/sylius_shop_product_thumbnail/c4/41/e5564875a556371e60a3cfb704ff.jpg"},"large":{"default":"https://cdn.freshful.ro/media/cache/freshful_large/c4/41/e5564875a556371e60a3cfb704ff.jpg"},"extralarge":{"default":"https://cdn.freshful.ro/media/cache/sylius_shop_product_original/c4/41/e5564875a556371e60a3cfb704ff.jpg"}},"label":{"text":"-15%","backgroundColor":"#FF9903","textColor":"#FFFFFF"},"tags":[{"type":"NoE","text":"Fara E-uri","icon":"https://cdn.freshful.ro/assets/product_tags/fara_euri.svg","iconPng":"https://cdn.freshful.ro/assets/product_tags/fara_euri.png","backgroundColor":"#FCF5DF","textColor":"#CAA316"},{"type":"NoPreservatives","text":"Fara conservanti","icon":"https://cdn.freshful.ro/assets/product_tags/fara_conservanti.svg","iconPng":"https://cdn.freshful.ro/assets/product_tags/fara_conservanti.png","backgroundColor":"#F0F2FF","textColor":"#7889DD"}],"isAvailable":true,"maxAvailableQuantity":42,"maxAllowedQuantity":100,"breadcrumbs":[{"code":"5","name":"Mezeluri & ready meals","slug":"5-mezeluri-si-ready-to-cook"},{"code":"502","name":"Mezeluri feliate","slug":"502-mezeluri-feliate"},{"code":"50202","name":"Mezeluri de porc feliate","slug":"50202-mezeluri-de-porc-feliate"},{"code":"100136876","name":"Șuncă de porc obrăjori 80g","slug":"100136876-cris-tim-sunca-de-porc-obrajori-80g"}],"activePromotion":{"code":"freshful-top-deals-2023","name":"Preț redus","targetQuantity":null},"saveMe":null,"labels":[{"type":"v1","items":[{"text":"-15%","backgroundColor":"#FF9903","textColor":"#FFFFFF"}]}],"geniusPrice":null,"geniusUnitPricePerLabel":null,"banner":{"text":"Super preț","textColor":"#FF0000","bgColor":"#FFF2EC","icon":null,"link":"https://www.freshful.ro/oferte/freshful-top-deals-2023","type":"promo","analyticsEventType":"select_promotion","analyticsEventPayload":{"promotion_id":"freshful-top-deals-2023","promotion_name":"Profită de Top Deals"}},"discountLabel":"Economisești 15%","geniusDiscountLabel":null,"badge":null},{"code":"100143930","variantCode":"100143930","name":"Salam Martinel din carne de porc 90g","slug":"100143930-reinert-martinel-salam-martinel-din-carne-de-porc-90g","unitPriceLabel":"116,56 Lei/kg","brand":"Reinert Martinel","brandCode":"954","brandFilterCode":"reinert-martinel-b968","sku":"100143930","price":10.49,"originalPrice":11.99,"currencyCode":"RON","currency":"Lei","image":{"thumbnail":{"default":"https://cdn.freshful.ro/media/cache/sylius_shop_product_thumbnail/c8/34/330a5f800c591ab4cd2ea4bdd035.jpg"},"large":{"default":"https://cdn.freshful.ro/media/cache/freshful_large/c8/34/330a5f800c591ab4cd2ea4bdd035.jpg"},"extralarge":{"default":"https://cdn.freshful.ro/media/cache/sylius_shop_product_original/c8/34/330a5f800c591ab4cd2ea4bdd035.jpg"}},"label":{"text":"-12%","backgroundColor":"#FF9903","textColor":"#FFFFFF"},"tags":[{"type":"NoGluten","text":"Fara gluten","icon":"https://cdn.freshful.ro/assets/product_tags/fara_gluten.svg","iconPng":"https://cdn.freshful.ro/assets/product_tags/fara_gluten.png","backgroundColor":"#FFF2E5","textColor":"#F07900"},{"type":"LactoseFree","text":"Fara lactoza","icon":"https://cdn.freshful.ro/assets/product_tags/fara_lactoza.svg","iconPng":"https://cdn.freshful.ro/assets/product_tags/fara_lactoza.png","backgroundColor":"#E9F7FB","textColor":"#25A6D0"}],"isAvailable":true,"maxAvailableQuantity":47,"maxAllowedQuantity":100,"breadcrumbs":[{"code":"5","name":"Mezeluri & ready meals","slug":"5-mezeluri-si-ready-to-cook"},{"code":"502","name":"Mezeluri feliate","slug":"502-mezeluri-feliate"},{"code":"50202","name":"Mezeluri de porc feliate","slug":"50202-mezeluri-de-porc-feliate"},{"code":"100143930","name":"Salam Martinel din carne de porc 90g","slug":"100143930-reinert-martinel-salam-martinel-din-carne-de-porc-90g"}],"activePromotion":{"code":"bunatatile-saptamanii-cw0923","name":"Preț redus","targetQuantity":null},"saveMe":null,"labels":[{"type":"v1","items":[{"text":"-12%","backgroundColor":"#FF9903","textColor":"#FFFFFF"}]}],"geniusPrice":null,"geniusUnitPricePerLabel":null,"banner":{"text":"Super preț","textColor":"#FF0000","bgColor":"#FFF2EC","icon":null,"link":"https://www.freshful.ro/oferte/bunatatile-saptamanii-cw0923","type":"promo","analyticsEventType":"select_promotion","analyticsEventPayload":{"promotion_id":"bunatatile-saptamanii-cw0923","promotion_name":"Oferta proaspătă a săptămânii"}},"discountLabel":"Economisești 12%","geniusDiscountLabel":null,"badge":null},{"code":"100148133","variantCode":"100148133","name":"Jambon curcan 150g","slug":"100148133-matache-macelaru-jambon-curcan-150g","unitPriceLabel":"53,27 Lei/kg","brand":"Matache Măcelaru","brandCode":"77","brandFilterCode":"matache-macelaru-b75","sku":"100148133","price":7.99,"originalPrice":null,"currencyCode":"RON","currency":"Lei","image":{"thumbnail":{"default":"https://cdn.freshful.ro/media/cache/sylius_shop_product_thumbnail/6b/a9/f0a83a28c9e3e942540a180f97fb.jpg"},"large":{"default":"https://cdn.freshful.ro/media/cache/freshful_large/6b/a9/f0a83a28c9e3e942540a180f97fb.jpg"},"extralarge":{"default":"https://cdn.freshful.ro/media/cache/sylius_shop_product_original/6b/a9/f0a83a28c9e3e942540a180f97fb.jpg"}},"label":null,"tags":[{"type":"NoGluten","text":"Fara gluten","icon":"https://cdn.freshful.ro/assets/product_tags/fara_gluten.svg","iconPng":"https://cdn.freshful.ro/assets/product_tags/fara_gluten.png","backgroundColor":"#FFF2E5","textColor":"#F07900"}],"isAvailable":true,"maxAvailableQuantity":64,"maxAllowedQuantity":100,"breadcrumbs":[{"code":"5","name":"Mezeluri & ready meals","slug":"5-mezeluri-si-ready-to-cook"},{"code":"502","name":"Mezeluri feliate","slug":"502-mezeluri-feliate"},{"code":"50201","name":"Mezeluri de pasăre feliate","slug":"50201-mezeluri-de-pasare-feliate"},{"code":"100148133","name":"Jambon curcan 150g","slug":"100148133-matache-macelaru-jambon-curcan-150g"}],"activePromotion":null,"saveMe":null,"labels":[],"geniusPrice":null,"geniusUnitPricePerLabel":null,"banner":null,"discountLabel":null,"geniusDiscountLabel":null,"badge":null},{"code":"100062990","variantCode":"100062990","name":"Salam de Sibiu IGP feliat 100g","slug":"100062990-reinert-salam-de-sibiu-igp-feliat-100g","unitPriceLabel":"124,9 Lei/kg","brand":"Reinert","brandCode":"955","brandFilterCode":"reinert-b969","sku":"100062990","price":12.49,"originalPrice":null,"currencyCode":"RON","currency":"Lei","image":{"thumbnail":{"default":"https://cdn.freshful.ro/media/cache/sylius_shop_product_thumbnail/7f/67/c65ec887fbd7e99267b5050cdeec.jpg"},"large":{"default":"https://cdn.freshful.ro/media/cache/freshful_large/7f/67/c65ec887fbd7e99267b5050cdeec.jpg"},"extralarge":{"default":"https://cdn.freshful.ro/media/cache/sylius_shop_product_original/7f/67/c65ec887fbd7e99267b5050cdeec.jpg"}},"label":null,"tags":[],"isAvailable":true,"maxAvailableQuantity":100,"maxAllowedQuantity":100,"breadcrumbs":[{"code":"5","name":"Mezeluri & ready meals","slug":"5-mezeluri-si-ready-to-cook"},{"code":"502","name":"Mezeluri feliate","slug":"502-mezeluri-feliate"},{"code":"50202","name":"Mezeluri de porc feliate","slug":"50202-mezeluri-de-porc-feliate"},{"code":"100062990","name":"Salam de Sibiu IGP feliat 100g","slug":"100062990-reinert-salam-de-sibiu-igp-feliat-100g"}],"activePromotion":null,"saveMe":null,"labels":[],"geniusPrice":null,"geniusUnitPricePerLabel":null,"banner":null,"discountLabel":null,"geniusDiscountLabel":null,"badge":null}]},{"analyticsListId":"category-slot_503-pizza-si-aluat","analyticsListName":"Category Slot - Pizza și aluat","type":"products_carousel","title":"Pizza și aluat","link":{"title":"Mai multe","count":2,"url":"/c/5-mezeluri-si-ready-to-cook/503-pizza-si-aluat"},"products":[{"code":"100061747","variantCode":"100061747","name":"Aluat proaspăt pentru pizza 280g","slug":"100061747-wewalka-aluat-proaspat-pentru-pizza-280g","unitPriceLabel":"33,89 Lei/kg","brand":"Wewalka","brandCode":"913","brandFilterCode":"wewalka-b914","sku":"100061747","price":9.49,"originalPrice":null,"currencyCode":"RON","currency":"Lei","image":{"thumbnail":{"default":"https://cdn.freshful.ro/media/cache/sylius_shop_product_thumbnail/d3/ef/04b129cd7eeac96012ab3852ec33.jpg"},"large":{"default":"https://cdn.freshful.ro/media/cache/freshful_large/d3/ef/04b129cd7eeac96012ab3852ec33.jpg"},"extralarge":{"default":"https://cdn.freshful.ro/media/cache/sylius_shop_product_original/d3/ef/04b129cd7eeac96012ab3852ec33.jpg"}},"label":null,"tags":[],"isAvailable":true,"maxAvailableQuantity":100,"maxAllowedQuantity":100,"breadcrumbs":[{"code":"5","name":"Mezeluri & ready meals","slug":"5-mezeluri-si-ready-to-cook"},{"code":"503","name":"Pizza și aluat","slug":"503-pizza-si-aluat"},{"code":"50302","name":"Aluaturi","slug":"50302-aluaturi"},{"code":"100061747","name":"Aluat proaspăt pentru pizza 280g","slug":"100061747-wewalka-aluat-proaspat-pentru-pizza-280g"}],"activePromotion":null,"saveMe":null,"labels":[],"geniusPrice":null,"geniusUnitPricePerLabel":null,"banner":null,"discountLabel":null,"geniusDiscountLabel":null,"badge":null},{"code":"100134748","variantCode":"59459521","name":"Drojdie proaspătă 50g","slug":"59459521-drojdie-proaspata-50g","unitPriceLabel":"45,8 Lei/kg","brand":"Bravo","brandCode":"2590","brandFilterCode":"bravo-b2595","sku":"100134748","price":2.29,"originalPrice":null,"currencyCode":"RON","currency":"Lei","image":{"thumbnail":{"default":"https://cdn.freshful.ro/media/cache/sylius_shop_product_thumbnail/1a/9d/166957c243a90bab1a3f0f5af0f1.jpg"},"large":{"default":"https://cdn.freshful.ro/media/cache/freshful_large/1a/9d/166957c243a90bab1a3f0f5af0f1.jpg"},"extralarge":{"default":"https://cdn.freshful.ro/media/cache/sylius_shop_product_original/1a/9d/166957c243a90bab1a3f0f5af0f1.jpg"}},"label":null,"tags":[],"isAvailable":true,"maxAvailableQuantity":100,"maxAllowedQuantity":100,"breadcrumbs":[{"code":"5","name":"Mezeluri & ready meals","slug":"5-mezeluri-si-ready-to-cook"},{"code":"503","name":"Pizza și aluat","slug":"503-pizza-si-aluat"},{"code":"50303","name":"Drojdie proaspătă","slug":"drojdie-proaspata"},{"code":"100134748","name":"Drojdie proaspătă 50g","slug":"59459521-drojdie-proaspata-50g"}],"activePromotion":null,"saveMe":null,"labels":[],"geniusPrice":null,"geniusUnitPricePerLabel":null,"banner":null,"discountLabel":null,"geniusDiscountLabel":null,"badge":null}]},{"analyticsListId":"category-slot_504-paste-proaspete","analyticsListName":"Category Slot - Paste proaspete","type":"products_carousel","title":"Paste proaspete","link":{"title":"Mai multe","count":32,"url":"/c/5-mezeluri-si-ready-to-cook/504-paste-proaspete"},"products":[{"code":"100087388","variantCode":"100087388","name":"Paste proaspete Gnocchi din cartofi 500g","slug":"100087388-antica-corte-paste-proaspete-gnocchi-din-cartofi-500g","unitPriceLabel":"11,98 Lei/kg","brand":"Antica Corte","brandCode":"526","brandFilterCode":"antica-corte-b527","sku":"100087388","price":5.99,"originalPrice":9.59,"currencyCode":"RON","currency":"Lei","image":{"thumbnail":{"default":"https://cdn.freshful.ro/media/cache/sylius_shop_product_thumbnail/fc/4d/122ef7e557c844103face50ce6d2.jpg"},"large":{"default":"https://cdn.freshful.ro/media/cache/freshful_large/fc/4d/122ef7e557c844103face50ce6d2.jpg"},"extralarge":{"default":"https://cdn.freshful.ro/media/cache/sylius_shop_product_original/fc/4d/122ef7e557c844103face50ce6d2.jpg"}},"label":{"text":"-37%","backgroundColor":"#FF9903","textColor":"#FFFFFF"},"tags":[],"isAvailable":true,"maxAvailableQuantity":50,"maxAllowedQuantity":100,"breadcrumbs":[{"code":"5","name":"Mezeluri & ready meals","slug":"5-mezeluri-si-ready-to-cook"},{"code":"504","name":"Paste proaspete","slug":"504-paste-proaspete"},{"code":"50401","name":"Paste proaspete fără ou","slug":"50401-paste-proaspate-fara-ou"},{"code":"100087388","name":"Paste proaspete Gnocchi din cartofi 500g","slug":"100087388-antica-corte-paste-proaspete-gnocchi-din-cartofi-500g"}],"activePromotion":{"code":"bunatatile-saptamanii-cw0923","name":"Preț redus","targetQuantity":null},"saveMe":null,"labels":[{"type":"v1","items":[{"text":"-37%","backgroundColor":"#FF9903","textColor":"#FFFFFF"}]}],"geniusPrice":null,"geniusUnitPricePerLabel":null,"banner":{"text":"Super preț","textColor":"#FF0000","bgColor":"#FFF2EC","icon":null,"link":"https://www.freshful.ro/oferte/bunatatile-saptamanii-cw0923","type":"promo","analyticsEventType":"select_promotion","analyticsEventPayload":{"promotion_id":"bunatatile-saptamanii-cw0923","promotion_name":"Oferta proaspătă a săptămânii"}},"discountLabel":"Economisești 37%","geniusDiscountLabel":null,"badge":null},{"code":"100098853","variantCode":"8001665713153","name":"Paste proaspete Ravioli umplute cu 4 tipuri de brânză 250g","slug":"100098853-rana-paste-proaspete-ravioli-umplute-cu-4-tipuri-de-branza-250g","unitPriceLabel":"55,56 Lei/kg","brand":"Rana","brandCode":"1654","brandFilterCode":"rana-b1658","sku":"100098853","price":13.89,"originalPrice":null,"currencyCode":"RON","currency":"Lei","image":{"thumbnail":{"default":"https://cdn.freshful.ro/media/cache/sylius_shop_product_thumbnail/87/53/d169b1d6ca26e68580f85c6e9e03.jpg"},"large":{"default":"https://cdn.freshful.ro/media/cache/freshful_large/87/53/d169b1d6ca26e68580f85c6e9e03.jpg"},"extralarge":{"default":"https://cdn.freshful.ro/media/cache/sylius_shop_product_original/87/53/d169b1d6ca26e68580f85c6e9e03.jpg"}},"label":null,"tags":[{"type":"NoPreservatives","text":"Fara conservanti","icon":"https://cdn.freshful.ro/assets/product_tags/fara_conservanti.svg","iconPng":"https://cdn.freshful.ro/assets/product_tags/fara_conservanti.png","backgroundColor":"#F0F2FF","textColor":"#7889DD"}],"isAvailable":true,"maxAvailableQuantity":100,"maxAllowedQuantity":100,"breadcrumbs":[{"code":"5","name":"Mezeluri & ready meals","slug":"5-mezeluri-si-ready-to-cook"},{"code":"504","name":"Paste proaspete","slug":"504-paste-proaspete"},{"code":"50402","name":"Paste proaspete cu ou","slug":"50402-paste-proaspete-cu-ou"},{"code":"100098853","name":"Paste proaspete Ravioli umplute cu 4 tipuri de brânză 250g","slug":"100098853-rana-paste-proaspete-ravioli-umplute-cu-4-tipuri-de-branza-250g"}],"activePromotion":null,"saveMe":null,"labels":[],"geniusPrice":null,"geniusUnitPricePerLabel":null,"banner":null,"discountLabel":null,"geniusDiscountLabel":null,"badge":null},{"code":"100098855","variantCode":"8001665713177","name":"Paste proaspete Tortellini umplute cu ricotta și spanac 250g","slug":"100098855-rana-paste-proaspete-tortellini-umplute-cu-ricotta-si-spanac-250g","unitPriceLabel":"55,56 Lei/kg","brand":"Rana","brandCode":"1654","brandFilterCode":"rana-b1658","sku":"100098855","price":13.89,"originalPrice":null,"currencyCode":"RON","currency":"Lei","image":{"thumbnail":{"default":"https://cdn.freshful.ro/media/cache/sylius_shop_product_thumbnail/ae/42/169ae0ee61593fac2799d0761dc5.jpg"},"large":{"default":"https://cdn.freshful.ro/media/cache/freshful_large/ae/42/169ae0ee61593fac2799d0761dc5.jpg"},"extralarge":{"default":"https://cdn.freshful.ro/media/cache/sylius_shop_product_original/ae/42/169ae0ee61593fac2799d0761dc5.jpg"}},"label":null,"tags":[{"type":"NoPreservatives","text":"Fara conservanti","icon":"https://cdn.freshful.ro/assets/product_tags/fara_conservanti.svg","iconPng":"https://cdn.freshful.ro/assets/product_tags/fara_conservanti.png","backgroundColor":"#F0F2FF","textColor":"#7889DD"}],"isAvailable":true,"maxAvailableQuantity":100,"maxAllowedQuantity":100,"breadcrumbs":[{"code":"5","name":"Mezeluri & ready meals","slug":"5-mezeluri-si-ready-to-cook"},{"code":"504","name":"Paste proaspete","slug":"504-paste-proaspete"},{"code":"50401","name":"Paste proaspete fără ou","slug":"50401-paste-proaspate-fara-ou"},{"code":"100098855","name":"Paste proaspete Tortellini umplute cu ricotta și spanac 250g","slug":"100098855-rana-paste-proaspete-tortellini-umplute-cu-ricotta-si-spanac-250g"}],"activePromotion":null,"saveMe":null,"labels":[],"geniusPrice":null,"geniusUnitPricePerLabel":null,"banner":null,"discountLabel":null,"geniusDiscountLabel":null,"badge":null},{"code":"100061750","variantCode":"100061750","name":"Sos pesto 130g","slug":"100061750-cascina-lia-sos-pesto-130g","unitPriceLabel":"73 Lei/kg","brand":"Cascina Lia","brandCode":"915","brandFilterCode":"cascina-lia-b916","sku":"100061750","price":9.49,"originalPrice":null,"currencyCode":"RON","currency":"Lei","image":{"thumbnail":{"default":"https://cdn.freshful.ro/media/cache/sylius_shop_product_thumbnail/c5/ed/494ce209231d5f998193170b2bf4.jpg"},"large":{"default":"https://cdn.freshful.ro/media/cache/freshful_large/c5/ed/494ce209231d5f998193170b2bf4.jpg"},"extralarge":{"default":"https://cdn.freshful.ro/media/cache/sylius_shop_product_original/c5/ed/494ce209231d5f998193170b2bf4.jpg"}},"label":null,"tags":[],"isAvailable":true,"maxAvailableQuantity":92,"maxAllowedQuantity":100,"breadcrumbs":[{"code":"5","name":"Mezeluri & ready meals","slug":"5-mezeluri-si-ready-to-cook"},{"code":"504","name":"Paste proaspete","slug":"504-paste-proaspete"},{"code":"50402","name":"Paste proaspete cu ou","slug":"50402-paste-proaspete-cu-ou"},{"code":"100061750","name":"Sos pesto 130g","slug":"100061750-cascina-lia-sos-pesto-130g"}],"activePromotion":null,"saveMe":null,"labels":[],"geniusPrice":null,"geniusUnitPricePerLabel":null,"banner":null,"discountLabel":null,"geniusDiscountLabel":null,"badge":null},{"code":"100035491","variantCode":"100035491","name":"Paste proaspete Tagliatelle 250g","slug":"100035491-maffei-paste-proaspete-tagliatelle-250g","unitPriceLabel":"32,2 Lei/kg","brand":"Maffei","brandCode":"527","brandFilterCode":"maffei-b528","sku":"100035491","price":8.05,"originalPrice":null,"currencyCode":"RON","currency":"Lei","image":{"thumbnail":{"default":"https://cdn.freshful.ro/media/cache/sylius_shop_product_thumbnail/e9/f8/d2962597e5862e55e662ba281d11.jpg"},"large":{"default":"https://cdn.freshful.ro/media/cache/freshful_large/e9/f8/d2962597e5862e55e662ba281d11.jpg"},"extralarge":{"default":"https://cdn.freshful.ro/media/cache/sylius_shop_product_original/e9/f8/d2962597e5862e55e662ba281d11.jpg"}},"label":null,"tags":[],"isAvailable":true,"maxAvailableQuantity":77,"maxAllowedQuantity":100,"breadcrumbs":[{"code":"5","name":"Mezeluri & ready meals","slug":"5-mezeluri-si-ready-to-cook"},{"code":"504","name":"Paste proaspete","slug":"504-paste-proaspete"},{"code":"50402","name":"Paste proaspete cu ou","slug":"50402-paste-proaspete-cu-ou"},{"code":"100035491","name":"Paste proaspete Tagliatelle 250g","slug":"100035491-maffei-paste-proaspete-tagliatelle-250g"}],"activePromotion":null,"saveMe":null,"labels":[],"geniusPrice":null,"geniusUnitPricePerLabel":null,"banner":null,"discountLabel":null,"geniusDiscountLabel":null,"badge":null},{"code":"100098854","variantCode":"8001665713184","name":"Paste proaspete Tortellini umplute cu prosciutto crudo și brânză 250g","slug":"100098854-rana-paste-proaspete-tortellini-umplute-cu-prosciutto-crudo-si-branza-250g","unitPriceLabel":"55,96 Lei/kg","brand":"Rana","brandCode":"1654","brandFilterCode":"rana-b1658","sku":"100098854","price":13.99,"originalPrice":null,"currencyCode":"RON","currency":"Lei","image":{"thumbnail":{"default":"https://cdn.freshful.ro/media/cache/sylius_shop_product_thumbnail/03/bf/b642912baa97450d007d1a29033c.jpg"},"large":{"default":"https://cdn.freshful.ro/media/cache/freshful_large/03/bf/b642912baa97450d007d1a29033c.jpg"},"extralarge":{"default":"https://cdn.freshful.ro/media/cache/sylius_shop_product_original/03/bf/b642912baa97450d007d1a29033c.jpg"}},"label":null,"tags":[{"type":"NoPreservatives","text":"Fara conservanti","icon":"https://cdn.freshful.ro/assets/product_tags/fara_conservanti.svg","iconPng":"https://cdn.freshful.ro/assets/product_tags/fara_conservanti.png","backgroundColor":"#F0F2FF","textColor":"#7889DD"}],"isAvailable":true,"maxAvailableQuantity":47,"maxAllowedQuantity":100,"breadcrumbs":[{"code":"5","name":"Mezeluri & ready meals","slug":"5-mezeluri-si-ready-to-cook"},{"code":"504","name":"Paste proaspete","slug":"504-paste-proaspete"},{"code":"50401","name":"Paste proaspete fără ou","slug":"50401-paste-proaspate-fara-ou"},{"code":"100098854","name":"Paste proaspete Tortellini umplute cu prosciutto crudo și brânză 250g","slug":"100098854-rana-paste-proaspete-tortellini-umplute-cu-prosciutto-crudo-si-branza-250g"}],"activePromotion":null,"saveMe":null,"labels":[],"geniusPrice":null,"geniusUnitPricePerLabel":null,"banner":null,"discountLabel":null,"geniusDiscountLabel":null,"badge":null},{"code":"100035485","variantCode":"100035485","name":"Paste proaspete Tortellini umplute cu prosciutto crudo 250g","slug":"100035485-antica-corte-paste-proaspete-tortellini-umplute-cu-prosciutto-crudo-250g","unitPriceLabel":"43,96 Lei/kg","brand":"Antica Corte","brandCode":"526","brandFilterCode":"antica-corte-b527","sku":"100035485","price":10.99,"originalPrice":null,"currencyCode":"RON","currency":"Lei","image":{"thumbnail":{"default":"https://cdn.freshful.ro/media/cache/sylius_shop_product_thumbnail/e8/d9/a05ddc938965fd28d1297d17eb64.jpg"},"large":{"default":"https://cdn.freshful.ro/media/cache/freshful_large/e8/d9/a05ddc938965fd28d1297d17eb64.jpg"},"extralarge":{"default":"https://cdn.freshful.ro/media/cache/sylius_shop_product_original/e8/d9/a05ddc938965fd28d1297d17eb64.jpg"}},"label":null,"tags":[],"isAvailable":true,"maxAvailableQuantity":100,"maxAllowedQuantity":100,"breadcrumbs":[{"code":"5","name":"Mezeluri & ready meals","slug":"5-mezeluri-si-ready-to-cook"},{"code":"504","name":"Paste proaspete","slug":"504-paste-proaspete"},{"code":"50402","name":"Paste proaspete cu ou","slug":"50402-paste-proaspete-cu-ou"},{"code":"100035485","name":"Paste proaspete Tortellini umplute cu prosciutto crudo 250g","slug":"100035485-antica-corte-paste-proaspete-tortellini-umplute-cu-prosciutto-crudo-250g"}],"activePromotion":null,"saveMe":null,"labels":[],"geniusPrice":null,"geniusUnitPricePerLabel":null,"banner":null,"discountLabel":null,"geniusDiscountLabel":null,"badge":null},{"code":"100142127","variantCode":"100142127","name":"Paste proaspete Ravioli umplute cu ciuperci 250g","slug":"100142127-rana-paste-proaspete-ravioli-umplute-cu-ciuperci-250g","unitPriceLabel":"63,96 Lei/kg","brand":"Rana","brandCode":"1654","brandFilterCode":"rana-b1658","sku":"100142127","price":15.99,"originalPrice":null,"currencyCode":"RON","currency":"Lei","image":{"thumbnail":{"default":"https://cdn.freshful.ro/media/cache/sylius_shop_product_thumbnail/86/2a/486d4642979d65c2d95824c60773.jpg"},"large":{"default":"https://cdn.freshful.ro/media/cache/freshful_large/86/2a/486d4642979d65c2d95824c60773.jpg"},"extralarge":{"default":"https://cdn.freshful.ro/media/cache/sylius_shop_product_original/86/2a/486d4642979d65c2d95824c60773.jpg"}},"label":null,"tags":[{"type":"NoPreservatives","text":"Fara conservanti","icon":"https://cdn.freshful.ro/assets/product_tags/fara_conservanti.svg","iconPng":"https://cdn.freshful.ro/assets/product_tags/fara_conservanti.png","backgroundColor":"#F0F2FF","textColor":"#7889DD"}],"isAvailable":true,"maxAvailableQuantity":51,"maxAllowedQuantity":100,"breadcrumbs":[{"code":"5","name":"Mezeluri & ready meals","slug":"5-mezeluri-si-ready-to-cook"},{"code":"504","name":"Paste proaspete","slug":"504-paste-proaspete"},{"code":"50402","name":"Paste proaspete cu ou","slug":"50402-paste-proaspete-cu-ou"},{"code":"100142127","name":"Paste proaspete Ravioli umplute cu ciuperci 250g","slug":"100142127-rana-paste-proaspete-ravioli-umplute-cu-ciuperci-250g"}],"activePromotion":null,"saveMe":null,"labels":[],"geniusPrice":null,"geniusUnitPricePerLabel":null,"banner":null,"discountLabel":null,"geniusDiscountLabel":null,"badge":null},{"code":"100098852","variantCode":"8001665705783","name":"Paste proaspete Ravioli umplute cu ricotta, spanac și burrata, eco 250g","slug":"100098852-rana-paste-proaspete-ravioli-umplute-cu-ricotta-spanac-si-burrata-eco-250g","unitPriceLabel":"93,96 Lei/kg","brand":"Rana","brandCode":"1654","brandFilterCode":"rana-b1658","sku":"100098852","price":23.49,"originalPrice":null,"currencyCode":"RON","currency":"Lei","image":{"thumbnail":{"default":"https://cdn.freshful.ro/media/cache/sylius_shop_product_thumbnail/6f/5b/e878d5c16ba50032c05a83fe2e23.jpg"},"large":{"default":"https://cdn.freshful.ro/media/cache/freshful_large/6f/5b/e878d5c16ba50032c05a83fe2e23.jpg"},"extralarge":{"default":"https://cdn.freshful.ro/media/cache/sylius_shop_product_original/6f/5b/e878d5c16ba50032c05a83fe2e23.jpg"}},"label":null,"tags":[{"type":"Eco","text":"Eco","icon":"https://cdn.freshful.ro/assets/product_tags/eco.svg","iconPng":"https://cdn.freshful.ro/assets/product_tags/eco.png","backgroundColor":"#EFFBE4","textColor":"#66BB1B"}],"isAvailable":true,"maxAvailableQuantity":14,"maxAllowedQuantity":100,"breadcrumbs":[{"code":"5","name":"Mezeluri & ready meals","slug":"5-mezeluri-si-ready-to-cook"},{"code":"504","name":"Paste proaspete","slug":"504-paste-proaspete"},{"code":"50401","name":"Paste proaspete fără ou","slug":"50401-paste-proaspate-fara-ou"},{"code":"100098852","name":"Paste proaspete Ravioli umplute cu ricotta, spanac și burrata, eco 250g","slug":"100098852-rana-paste-proaspete-ravioli-umplute-cu-ricotta-spanac-si-burrata-eco-250g"}],"activePromotion":null,"saveMe":null,"labels":[],"geniusPrice":null,"geniusUnitPricePerLabel":null,"banner":null,"discountLabel":null,"geniusDiscountLabel":null,"badge":null},{"code":"100142130","variantCode":"100142130","name":"Paste proaspete Gnocchi din cartofi 500g","slug":"100142130-rana-paste-proaspete-gnocchi-din-cartofi-500g","unitPriceLabel":"28,98 Lei/kg","brand":"Rana","brandCode":"1654","brandFilterCode":"rana-b1658","sku":"100142130","price":14.49,"originalPrice":null,"currencyCode":"RON","currency":"Lei","image":{"thumbnail":{"default":"https://cdn.freshful.ro/media/cache/sylius_shop_product_thumbnail/60/a3/b71c977faa2ded5cdde710effd26.jpg"},"large":{"default":"https://cdn.freshful.ro/media/cache/freshful_large/60/a3/b71c977faa2ded5cdde710effd26.jpg"},"extralarge":{"default":"https://cdn.freshful.ro/media/cache/sylius_shop_product_original/60/a3/b71c977faa2ded5cdde710effd26.jpg"}},"label":null,"tags":[{"type":"NoPreservatives","text":"Fara conservanti","icon":"https://cdn.freshful.ro/assets/product_tags/fara_conservanti.svg","iconPng":"https://cdn.freshful.ro/assets/product_tags/fara_conservanti.png","backgroundColor":"#F0F2FF","textColor":"#7889DD"}],"isAvailable":true,"maxAvailableQuantity":36,"maxAllowedQuantity":100,"breadcrumbs":[{"code":"5","name":"Mezeluri & ready meals","slug":"5-mezeluri-si-ready-to-cook"},{"code":"504","name":"Paste proaspete","slug":"504-paste-proaspete"},{"code":"50401","name":"Paste proaspete fără ou","slug":"50401-paste-proaspate-fara-ou"},{"code":"100142130","name":"Paste proaspete Gnocchi din cartofi 500g","slug":"100142130-rana-paste-proaspete-gnocchi-din-cartofi-500g"}],"activePromotion":null,"saveMe":null,"labels":[],"geniusPrice":null,"geniusUnitPricePerLabel":null,"banner":null,"discountLabel":null,"geniusDiscountLabel":null,"badge":null}]},{"analyticsListId":"category-slot_505-ready-meal","analyticsListName":"Category Slot - Ready meals","type":"products_carousel","title":"Ready meals","link":{"title":"Mai multe","count":70,"url":"/c/5-mezeluri-si-ready-to-cook/505-ready-meal"},"products":[{"code":"100061748","variantCode":"100061748","name":"Hummus pastă din năut natural 200g ","slug":"100061748-ribella-hummus-pasta-din-naut-natural-200g","unitPriceLabel":"32,45 Lei/kg","brand":"Ribella","brandCode":"914","brandFilterCode":"ribella-b915","sku":"100061748","price":6.49,"originalPrice":7.99,"currencyCode":"RON","currency":"Lei","image":{"thumbnail":{"default":"https://cdn.freshful.ro/media/cache/sylius_shop_product_thumbnail/09/da/b5f03561bf11ae82a5e6a810cee3.jpg"},"large":{"default":"https://cdn.freshful.ro/media/cache/freshful_large/09/da/b5f03561bf11ae82a5e6a810cee3.jpg"},"extralarge":{"default":"https://cdn.freshful.ro/media/cache/sylius_shop_product_original/09/da/b5f03561bf11ae82a5e6a810cee3.jpg"}},"label":{"text":"-18%","backgroundColor":"#FF9903","textColor":"#FFFFFF"},"tags":[{"type":"vegan","text":"Vegan","icon":"https://cdn.freshful.ro/assets/product_tags/vegan.svg","iconPng":"https://cdn.freshful.ro/assets/product_tags/vegan.png","backgroundColor":"#ECF9F8","textColor":"#33A39C"},{"type":"NoGluten","text":"Fara gluten","icon":"https://cdn.freshful.ro/assets/product_tags/fara_gluten.svg","iconPng":"https://cdn.freshful.ro/assets/product_tags/fara_gluten.png","backgroundColor":"#FFF2E5","textColor":"#F07900"}],"isAvailable":true,"maxAvailableQuantity":100,"maxAllowedQuantity":100,"breadcrumbs":[{"code":"5","name":"Mezeluri & ready meals","slug":"5-mezeluri-si-ready-to-cook"},{"code":"505","name":"Ready meals","slug":"505-ready-meal"},{"code":"50502","name":"Bucătărie libaneză","slug":"50502-bucatarie-libaneza"},{"code":"100061748","name":"Hummus pastă din năut natural 200g ","slug":"100061748-ribella-hummus-pasta-din-naut-natural-200g"}],"activePromotion":{"code":"special-produse-vegane-mar23","name":"Preț redus","targetQuantity":null},"saveMe":null,"labels":[{"type":"v1","items":[{"text":"-18%","backgroundColor":"#FF9903","textColor":"#FFFFFF"}]}],"geniusPrice":null,"geniusUnitPricePerLabel":null,"banner":{"text":"Super preț","textColor":"#FF0000","bgColor":"#FFF2EC","icon":null,"link":"https://www.freshful.ro/oferte/special-produse-vegane-mar23","type":"promo","analyticsEventType":"select_promotion","analyticsEventPayload":{"promotion_id":"special-produse-vegane-mar23","promotion_name":"Și bun, și de post"}},"discountLabel":"Economisești 18%","geniusDiscountLabel":null,"badge":null},{"code":"100061749","variantCode":"100061749","name":"Hummus cu ceapă caramelizată 200g","slug":"100061749-ribella-hummus-cu-ceapa-caramelizata-200g","unitPriceLabel":"33,45 Lei/kg","brand":"Ribella","brandCode":"914","brandFilterCode":"ribella-b915","sku":"100061749","price":6.69,"originalPrice":8.49,"currencyCode":"RON","currency":"Lei","image":{"thumbnail":{"default":"https://cdn.freshful.ro/media/cache/sylius_shop_product_thumbnail/37/f0/84b780806542b4450921889e192a.jpg"},"large":{"default":"https://cdn.freshful.ro/media/cache/freshful_large/37/f0/84b780806542b4450921889e192a.jpg"},"extralarge":{"default":"https://cdn.freshful.ro/media/cache/sylius_shop_product_original/37/f0/84b780806542b4450921889e192a.jpg"}},"label":{"text":"-21%","backgroundColor":"#FF9903","textColor":"#FFFFFF"},"tags":[{"type":"vegan","text":"Vegan","icon":"https://cdn.freshful.ro/assets/product_tags/vegan.svg","iconPng":"https://cdn.freshful.ro/assets/product_tags/vegan.png","backgroundColor":"#ECF9F8","textColor":"#33A39C"},{"type":"NoGluten","text":"Fara gluten","icon":"https://cdn.freshful.ro/assets/product_tags/fara_gluten.svg","iconPng":"https://cdn.freshful.ro/assets/product_tags/fara_gluten.png","backgroundColor":"#FFF2E5","textColor":"#F07900"}],"isAvailable":true,"maxAvailableQuantity":100,"maxAllowedQuantity":100,"breadcrumbs":[{"code":"5","name":"Mezeluri & ready meals","slug":"5-mezeluri-si-ready-to-cook"},{"code":"505","name":"Ready meals","slug":"505-ready-meal"},{"code":"50502","name":"Bucătărie libaneză","slug":"50502-bucatarie-libaneza"},{"code":"100061749","name":"Hummus cu ceapă caramelizată 200g","slug":"100061749-ribella-hummus-cu-ceapa-caramelizata-200g"}],"activePromotion":{"code":"special-produse-vegane-mar23","name":"Preț redus","targetQuantity":null},"saveMe":null,"labels":[{"type":"v1","items":[{"text":"-21%","backgroundColor":"#FF9903","textColor":"#FFFFFF"}]}],"geniusPrice":null,"geniusUnitPricePerLabel":null,"banner":{"text":"Super preț","textColor":"#FF0000","bgColor":"#FFF2EC","icon":null,"link":"https://www.freshful.ro/oferte/special-produse-vegane-mar23","type":"promo","analyticsEventType":"select_promotion","analyticsEventPayload":{"promotion_id":"special-produse-vegane-mar23","promotion_name":"Și bun, și de post"}},"discountLabel":"Economisești 21%","geniusDiscountLabel":null,"badge":null},{"code":"100134429","variantCode":"100134429","name":"Hummus clasic 200g","slug":"100134429-o-green-hummus-clasic-200g","unitPriceLabel":"43,45 Lei/kg","brand":"O'Green","brandCode":"199","brandFilterCode":"o-green-b200","sku":"100134429","price":8.69,"originalPrice":10.89,"currencyCode":"RON","currency":"Lei","image":{"thumbnail":{"default":"https://cdn.freshful.ro/media/cache/sylius_shop_product_thumbnail/53/59/073afbe9d049865d3f2df10c6c2a.jpg"},"large":{"default":"https://cdn.freshful.ro/media/cache/freshful_large/53/59/073afbe9d049865d3f2df10c6c2a.jpg"},"extralarge":{"default":"https://cdn.freshful.ro/media/cache/sylius_shop_product_original/53/59/073afbe9d049865d3f2df10c6c2a.jpg"}},"label":{"text":"-20%","backgroundColor":"#FF9903","textColor":"#FFFFFF"},"tags":[{"type":"vegan","text":"Vegan","icon":"https://cdn.freshful.ro/assets/product_tags/vegan.svg","iconPng":"https://cdn.freshful.ro/assets/product_tags/vegan.png","backgroundColor":"#ECF9F8","textColor":"#33A39C"}],"isAvailable":true,"maxAvailableQuantity":64,"maxAllowedQuantity":100,"breadcrumbs":[{"code":"5","name":"Mezeluri & ready meals","slug":"5-mezeluri-si-ready-to-cook"},{"code":"505","name":"Ready meals","slug":"505-ready-meal"},{"code":"50502","name":"Bucătărie libaneză","slug":"50502-bucatarie-libaneza"},{"code":"100134429","name":"Hummus clasic 200g","slug":"100134429-o-green-hummus-clasic-200g"}],"activePromotion":{"code":"bunatatile-saptamanii-cw0923","name":"Preț redus","targetQuantity":null},"saveMe":null,"labels":[{"type":"v1","items":[{"text":"-20%","backgroundColor":"#FF9903","textColor":"#FFFFFF"}]}],"geniusPrice":null,"geniusUnitPricePerLabel":null,"banner":{"text":"Super preț","textColor":"#FF0000","bgColor":"#FFF2EC","icon":null,"link":"https://www.freshful.ro/oferte/bunatatile-saptamanii-cw0923","type":"promo","analyticsEventType":"select_promotion","analyticsEventPayload":{"promotion_id":"bunatatile-saptamanii-cw0923","promotion_name":"Oferta proaspătă a săptămânii"}},"discountLabel":"Economisești 20%","geniusDiscountLabel":null,"badge":null},{"code":"100134690","variantCode":"100134690","name":"Hummus cu boia 200g","slug":"100134690-o-green-hummus-cu-boia-200g","unitPriceLabel":"43,45 Lei/kg","brand":"O'Green","brandCode":"199","brandFilterCode":"o-green-b200","sku":"100134690","price":8.69,"originalPrice":10.99,"currencyCode":"RON","currency":"Lei","image":{"thumbnail":{"default":"https://cdn.freshful.ro/media/cache/sylius_shop_product_thumbnail/25/66/4b5590cd855004c1beb61a9e1993.jpg"},"large":{"default":"https://cdn.freshful.ro/media/cache/freshful_large/25/66/4b5590cd855004c1beb61a9e1993.jpg"},"extralarge":{"default":"https://cdn.freshful.ro/media/cache/sylius_shop_product_original/25/66/4b5590cd855004c1beb61a9e1993.jpg"}},"label":{"text":"-20%","backgroundColor":"#FF9903","textColor":"#FFFFFF"},"tags":[{"type":"vegan","text":"Vegan","icon":"https://cdn.freshful.ro/assets/product_tags/vegan.svg","iconPng":"https://cdn.freshful.ro/assets/product_tags/vegan.png","backgroundColor":"#ECF9F8","textColor":"#33A39C"},{"type":"NoGluten","text":"Fara gluten","icon":"https://cdn.freshful.ro/assets/product_tags/fara_gluten.svg","iconPng":"https://cdn.freshful.ro/assets/product_tags/fara_gluten.png","backgroundColor":"#FFF2E5","textColor":"#F07900"}],"isAvailable":true,"maxAvailableQuantity":23,"maxAllowedQuantity":100,"breadcrumbs":[{"code":"5","name":"Mezeluri & ready meals","slug":"5-mezeluri-si-ready-to-cook"},{"code":"505","name":"Ready meals","slug":"505-ready-meal"},{"code":"50502","name":"Bucătărie libaneză","slug":"50502-bucatarie-libaneza"},{"code":"100134690","name":"Hummus cu boia 200g","slug":"100134690-o-green-hummus-cu-boia-200g"}],"activePromotion":{"code":"bunatatile-saptamanii-cw0923","name":"Preț redus","targetQuantity":null},"saveMe":null,"labels":[{"type":"v1","items":[{"text":"-20%","backgroundColor":"#FF9903","textColor":"#FFFFFF"}]}],"geniusPrice":null,"geniusUnitPricePerLabel":null,"banner":{"text":"Super preț","textColor":"#FF0000","bgColor":"#FFF2EC","icon":null,"link":"https://www.freshful.ro/oferte/bunatatile-saptamanii-cw0923","type":"promo","analyticsEventType":"select_promotion","analyticsEventPayload":{"promotion_id":"bunatatile-saptamanii-cw0923","promotion_name":"Oferta proaspătă a săptămânii"}},"discountLabel":"Economisești 20%","geniusDiscountLabel":null,"badge":null},{"code":"100134691","variantCode":"100134691","name":"Hummus cu curry 200g","slug":"100134691-o-green-hummus-cu-curry-200g","unitPriceLabel":"43,45 Lei/kg","brand":"O'Green","brandCode":"199","brandFilterCode":"o-green-b200","sku":"100134691","price":8.69,"originalPrice":10.99,"currencyCode":"RON","currency":"Lei","image":{"thumbnail":{"default":"https://cdn.freshful.ro/media/cache/sylius_shop_product_thumbnail/0b/7f/f339588600697e53712b85ef31e9.jpg"},"large":{"default":"https://cdn.freshful.ro/media/cache/freshful_large/0b/7f/f339588600697e53712b85ef31e9.jpg"},"extralarge":{"default":"https://cdn.freshful.ro/media/cache/sylius_shop_product_original/0b/7f/f339588600697e53712b85ef31e9.jpg"}},"label":{"text":"-20%","backgroundColor":"#FF9903","textColor":"#FFFFFF"},"tags":[{"type":"vegan","text":"Vegan","icon":"https://cdn.freshful.ro/assets/product_tags/vegan.svg","iconPng":"https://cdn.freshful.ro/assets/product_tags/vegan.png","backgroundColor":"#ECF9F8","textColor":"#33A39C"}],"isAvailable":true,"maxAvailableQuantity":5,"maxAllowedQuantity":100,"breadcrumbs":[{"code":"5","name":"Mezeluri & ready meals","slug":"5-mezeluri-si-ready-to-cook"},{"code":"505","name":"Ready meals","slug":"505-ready-meal"},{"code":"50502","name":"Bucătărie libaneză","slug":"50502-bucatarie-libaneza"},{"code":"100134691","name":"Hummus cu curry 200g","slug":"100134691-o-green-hummus-cu-curry-200g"}],"activePromotion":{"code":"bunatatile-saptamanii-cw0923","name":"Preț redus","targetQuantity":null},"saveMe":null,"labels":[{"type":"v1","items":[{"text":"-20%","backgroundColor":"#FF9903","textColor":"#FFFFFF"}]}],"geniusPrice":null,"geniusUnitPricePerLabel":null,"banner":{"text":"Super preț","textColor":"#FF0000","bgColor":"#FFF2EC","icon":null,"link":"https://www.freshful.ro/oferte/bunatatile-saptamanii-cw0923","type":"promo","analyticsEventType":"select_promotion","analyticsEventPayload":{"promotion_id":"bunatatile-saptamanii-cw0923","promotion_name":"Oferta proaspătă a săptămânii"}},"discountLabel":"Economisești 20%","geniusDiscountLabel":null,"badge":null},{"code":"100075709","variantCode":"100075709","name":"Supă concentrată din oase de pui pentru gătit 314ml","slug":"100075709-zwup-supa-concentrata-din-oase-de-pui-pentru-gatit-314ml","unitPriceLabel":"41,37 Lei/l","brand":"Zwup","brandCode":"1251","brandFilterCode":"zwup-b1252","sku":"100075709","price":12.99,"originalPrice":null,"currencyCode":"RON","currency":"Lei","image":{"thumbnail":{"default":"https://cdn.freshful.ro/media/cache/sylius_shop_product_thumbnail/28/cd/3b2d91a26661ba8032ed87284ff6.jpg"},"large":{"default":"https://cdn.freshful.ro/media/cache/freshful_large/28/cd/3b2d91a26661ba8032ed87284ff6.jpg"},"extralarge":{"default":"https://cdn.freshful.ro/media/cache/sylius_shop_product_original/28/cd/3b2d91a26661ba8032ed87284ff6.jpg"}},"label":{"text":"Mici producători","backgroundColor":"#7B61FF","textColor":"#FFFFFF"},"tags":[{"type":"Natural","text":"Natural","icon":"https://cdn.freshful.ro/assets/product_tags/natural.svg","iconPng":"https://cdn.freshful.ro/assets/product_tags/natural.png","backgroundColor":"#E9FCF2","textColor":"#18AF62"},{"type":"MadeInRomania","text":"Made In Romania","icon":"https://cdn.freshful.ro/assets/product_tags/made_in_romania.svg","iconPng":"https://cdn.freshful.ro/assets/product_tags/made_in_romania.png","backgroundColor":"#EDF2FD","textColor":"#1653CA"}],"isAvailable":true,"maxAvailableQuantity":100,"maxAllowedQuantity":100,"breadcrumbs":[{"code":"5","name":"Mezeluri & ready meals","slug":"5-mezeluri-si-ready-to-cook"},{"code":"505","name":"Ready meals","slug":"505-ready-meal"},{"code":"50501","name":"Salate, sandvișuri și ciorbe","slug":"50501-salata-sadvisuri-si-ciorbe"},{"code":"100075709","name":"Supă concentrată din oase de pui pentru gătit 314ml","slug":"100075709-zwup-supa-concentrata-din-oase-de-pui-pentru-gatit-314ml"}],"activePromotion":null,"saveMe":null,"labels":[{"type":"v1","items":[{"text":"Mici producători","backgroundColor":"#7B61FF","textColor":"#FFFFFF"}]}],"geniusPrice":null,"geniusUnitPricePerLabel":null,"banner":null,"discountLabel":null,"geniusDiscountLabel":null,"badge":null},{"code":"100145131","variantCode":"100145131","name":"Măsline verzi umplute cu brânză prospătă 200g","slug":"100145131-grikios-masline-verzi-umplute-cu-branza-prospata-200g","unitPriceLabel":"74,95 Lei/kg","brand":"GRIKIOS","brandCode":"2807","brandFilterCode":"grikios-b2894","sku":"100145131","price":14.99,"originalPrice":null,"currencyCode":"RON","currency":"Lei","image":{"thumbnail":{"default":"https://cdn.freshful.ro/media/cache/sylius_shop_product_thumbnail/70/52/5523c55a8e33ec80b5cbb964697c.jpg"},"large":{"default":"https://cdn.freshful.ro/media/cache/freshful_large/70/52/5523c55a8e33ec80b5cbb964697c.jpg"},"extralarge":{"default":"https://cdn.freshful.ro/media/cache/sylius_shop_product_original/70/52/5523c55a8e33ec80b5cbb964697c.jpg"}},"label":null,"tags":[],"isAvailable":true,"maxAvailableQuantity":100,"maxAllowedQuantity":100,"breadcrumbs":[{"code":"5","name":"Mezeluri & ready meals","slug":"5-mezeluri-si-ready-to-cook"},{"code":"505","name":"Ready meals","slug":"505-ready-meal"},{"code":"50504","name":"Mâncăruri gătite","slug":"50504-mancaruri-gatite"},{"code":"100145131","name":"Măsline verzi umplute cu brânză prospătă 200g","slug":"100145131-grikios-masline-verzi-umplute-cu-branza-prospata-200g"}],"activePromotion":null,"saveMe":null,"labels":[],"geniusPrice":null,"geniusUnitPricePerLabel":null,"banner":null,"discountLabel":null,"geniusDiscountLabel":null,"badge":null},{"code":"100149858","variantCode":"100149858","name":"Humus cu ceapă 200g","slug":"100149858-paparude-humus-cu-ceapa-200g","unitPriceLabel":"44,95 Lei/kg","brand":"Paparude","brandCode":"2876","brandFilterCode":"paparude-b2966","sku":"100149858","price":8.99,"originalPrice":null,"currencyCode":"RON","currency":"Lei","image":{"thumbnail":{"default":"https://cdn.freshful.ro/media/cache/sylius_shop_product_thumbnail/2d/48/76f50b67ffd43c9f2e312486ef11.jpg"},"large":{"default":"https://cdn.freshful.ro/media/cache/freshful_large/2d/48/76f50b67ffd43c9f2e312486ef11.jpg"},"extralarge":{"default":"https://cdn.freshful.ro/media/cache/sylius_shop_product_original/2d/48/76f50b67ffd43c9f2e312486ef11.jpg"}},"label":null,"tags":[],"isAvailable":true,"maxAvailableQuantity":100,"maxAllowedQuantity":100,"breadcrumbs":[{"code":"5","name":"Mezeluri & ready meals","slug":"5-mezeluri-si-ready-to-cook"},{"code":"505","name":"Ready meals","slug":"505-ready-meal"},{"code":"50502","name":"Bucătărie libaneză","slug":"50502-bucatarie-libaneza"},{"code":"100149858","name":"Humus cu ceapă 200g","slug":"100149858-paparude-humus-cu-ceapa-200g"}],"activePromotion":null,"saveMe":null,"labels":[],"geniusPrice":null,"geniusUnitPricePerLabel":null,"banner":null,"discountLabel":null,"geniusDiscountLabel":null,"badge":null},{"code":"100077190","variantCode":"100077190","name":"Supă concentrată din oase de vită pentru gătit 314ml","slug":"100077190-zwup-supa-concentrata-din-oase-de-vita-pentru-gatit-314ml","unitPriceLabel":"42,96 Lei/l","brand":"Zwup","brandCode":"1251","brandFilterCode":"zwup-b1252","sku":"100077190","price":13.49,"originalPrice":null,"currencyCode":"RON","currency":"Lei","image":{"thumbnail":{"default":"https://cdn.freshful.ro/media/cache/sylius_shop_product_thumbnail/8a/ce/59c32ca72a3c9555db2505ecd394.jpg"},"large":{"default":"https://cdn.freshful.ro/media/cache/freshful_large/8a/ce/59c32ca72a3c9555db2505ecd394.jpg"},"extralarge":{"default":"https://cdn.freshful.ro/media/cache/sylius_shop_product_original/8a/ce/59c32ca72a3c9555db2505ecd394.jpg"}},"label":{"text":"Mici producători","backgroundColor":"#7B61FF","textColor":"#FFFFFF"},"tags":[{"type":"Natural","text":"Natural","icon":"https://cdn.freshful.ro/assets/product_tags/natural.svg","iconPng":"https://cdn.freshful.ro/assets/product_tags/natural.png","backgroundColor":"#E9FCF2","textColor":"#18AF62"},{"type":"MadeInRomania","text":"Made In Romania","icon":"https://cdn.freshful.ro/assets/product_tags/made_in_romania.svg","iconPng":"https://cdn.freshful.ro/assets/product_tags/made_in_romania.png","backgroundColor":"#EDF2FD","textColor":"#1653CA"}],"isAvailable":true,"maxAvailableQuantity":100,"maxAllowedQuantity":100,"breadcrumbs":[{"code":"5","name":"Mezeluri & ready meals","slug":"5-mezeluri-si-ready-to-cook"},{"code":"505","name":"Ready meals","slug":"505-ready-meal"},{"code":"50501","name":"Salate, sandvișuri și ciorbe","slug":"50501-salata-sadvisuri-si-ciorbe"},{"code":"100077190","name":"Supă concentrată din oase de vită pentru gătit 314ml","slug":"100077190-zwup-supa-concentrata-din-oase-de-vita-pentru-gatit-314ml"}],"activePromotion":null,"saveMe":null,"labels":[{"type":"v1","items":[{"text":"Mici producători","backgroundColor":"#7B61FF","textColor":"#FFFFFF"}]}],"geniusPrice":null,"geniusUnitPricePerLabel":null,"banner":null,"discountLabel":null,"geniusDiscountLabel":null,"badge":null},{"code":"100001863","variantCode":"5941265010463","name":"Salată de vinete cu ceapă 250g","slug":"100001863-cris-tim-salata-de-vinete-cu-ceapa-250g","unitPriceLabel":"43,96 Lei/kg","brand":"Cris-Tim","brandCode":"76","brandFilterCode":"cris-tim-b74","sku":"100001863","price":10.99,"originalPrice":null,"currencyCode":"RON","currency":"Lei","image":{"thumbnail":{"default":"https://cdn.freshful.ro/media/cache/sylius_shop_product_thumbnail/f1/e6/3a83b43bda858ab707429dfdc4cb.jpg"},"large":{"default":"https://cdn.freshful.ro/media/cache/freshful_large/f1/e6/3a83b43bda858ab707429dfdc4cb.jpg"},"extralarge":{"default":"https://cdn.freshful.ro/media/cache/sylius_shop_product_original/f1/e6/3a83b43bda858ab707429dfdc4cb.jpg"}},"label":null,"tags":[],"isAvailable":true,"maxAvailableQuantity":14,"maxAllowedQuantity":100,"breadcrumbs":[{"code":"5","name":"Mezeluri & ready meals","slug":"5-mezeluri-si-ready-to-cook"},{"code":"505","name":"Ready meals","slug":"505-ready-meal"},{"code":"50501","name":"Salate, sandvișuri și ciorbe","slug":"50501-salata-sadvisuri-si-ciorbe"},{"code":"100001863","name":"Salată de vinete cu ceapă 250g","slug":"100001863-cris-tim-salata-de-vinete-cu-ceapa-250g"}],"activePromotion":null,"saveMe":null,"labels":[],"geniusPrice":null,"geniusUnitPricePerLabel":null,"banner":null,"discountLabel":null,"geniusDiscountLabel":null,"badge":null}]}],"page":0,"limit":0,"pages":0,"count":0,"siblings":[],"children":[],"products":[],"filters":null,"orderBy":[],"metaTitle":"Mezeluri & ready meals - Gamă variată","metaDescription":"Vrei Mezeluri & ready meals? Alege dintr-o gamă variată. Comanzi simplu și ai livrare rapidă, calitate și prospețime. Hai pe Freshful.ro","metaKeywords":null,"banners":[]}}