{"type":"category","payload":{"analyticsListId":"category_6-produse-congelate","analyticsListName":"Category - Înghețată & congelate","name":"Înghețată & congelate","slug":"6-produse-congelate","image":null,"breadcrumbs":[{"code":"6","name":"Înghețată & congelate","slug":"6-produse-congelate"}],"slots":[{"analyticsListId":"category-slot_604-inghetata-si-deserturi-congelate","analyticsListName":"Category Slot - Înghețată și deserturi congelate","type":"products_carousel","title":"Înghețată și deserturi congelate","link":{"title":"Mai multe","count":127,"url":"/c/6-produse-congelate/604-inghetata-si-deserturi-congelate"},"products":[{"code":"100139138","variantCode":"100139138","name":"Înghețată stick cu caramel sărat și ciocolată 73g","slug":"100139138-corso-inghetata-stick-cu-caramel-sarat-si-ciocolata-73g","unitPriceLabel":"64,25 Lei/kg","brand":"Corso","brandCode":"54","brandFilterCode":"corso-b50","sku":"100139138","price":4.69,"originalPrice":5.99,"currencyCode":"RON","currency":"Lei","image":{"thumbnail":{"default":"https://cdn.freshful.ro/media/cache/sylius_shop_product_thumbnail/2e/c9/42ed635f8ffa990f7f1bb322447a.jpg"},"large":{"default":"https://cdn.freshful.ro/media/cache/freshful_large/2e/c9/42ed635f8ffa990f7f1bb322447a.jpg"},"extralarge":{"default":"https://cdn.freshful.ro/media/cache/sylius_shop_product_original/2e/c9/42ed635f8ffa990f7f1bb322447a.jpg"}},"label":{"text":"-21%","backgroundColor":"#FF9903","textColor":"#FFFFFF"},"tags":[{"type":"Frozen","text":"Congelat","icon":"https://cdn.freshful.ro/assets/product_tags/congelat.svg","iconPng":"https://cdn.freshful.ro/assets/product_tags/congelat.png","backgroundColor":"#EDF6FA","textColor":"#2E9AD1"}],"isAvailable":true,"maxAvailableQuantity":69,"maxAllowedQuantity":100,"breadcrumbs":[{"code":"6","name":"Înghețată & congelate","slug":"6-produse-congelate"},{"code":"604","name":"Înghețată și deserturi congelate","slug":"604-inghetata-si-deserturi-congelate"},{"code":"60401","name":"Înghețată pe băț și baton","slug":"60401-inghetata-pe-bat-si-baton"},{"code":"100139138","name":"Înghețată stick cu caramel sărat și ciocolată 73g","slug":"100139138-corso-inghetata-stick-cu-caramel-sarat-si-ciocolata-73g"}],"activePromotion":{"code":"bunatatile-saptamanii-cw0923","name":"Preț redus","targetQuantity":null},"saveMe":null,"labels":[{"type":"v1","items":[{"text":"-21%","backgroundColor":"#FF9903","textColor":"#FFFFFF"}]}],"geniusPrice":null,"geniusUnitPricePerLabel":null,"banner":{"text":"Super preț","textColor":"#FF0000","bgColor":"#FFF2EC","icon":null,"link":"https://www.freshful.ro/oferte/bunatatile-saptamanii-cw0923","type":"promo","analyticsEventType":"select_promotion","analyticsEventPayload":{"promotion_id":"bunatatile-saptamanii-cw0923","promotion_name":"Oferta proaspătă a săptămânii"}},"discountLabel":"Economisești 21%","geniusDiscountLabel":null,"badge":null},{"code":"100122971","variantCode":"100122971","name":"Plăcintă încrețită vegetală 850g ","slug":"100122971-alfa-placinta-incretita-vegetala-850g","unitPriceLabel":"30,58 Lei/kg","brand":"Alfa","brandCode":"214","brandFilterCode":"alfa-b215","sku":"100122971","price":25.99,"originalPrice":32.99,"currencyCode":"RON","currency":"Lei","image":{"thumbnail":{"default":"https://cdn.freshful.ro/media/cache/sylius_shop_product_thumbnail/11/7e/0c7cb74ce718be62bf1ddd7a92be.jpg"},"large":{"default":"https://cdn.freshful.ro/media/cache/freshful_large/11/7e/0c7cb74ce718be62bf1ddd7a92be.jpg"},"extralarge":{"default":"https://cdn.freshful.ro/media/cache/sylius_shop_product_original/11/7e/0c7cb74ce718be62bf1ddd7a92be.jpg"}},"label":{"text":"-21%","backgroundColor":"#FF9903","textColor":"#FFFFFF"},"tags":[{"type":"vegan","text":"Vegan","icon":"https://cdn.freshful.ro/assets/product_tags/vegan.svg","iconPng":"https://cdn.freshful.ro/assets/product_tags/vegan.png","backgroundColor":"#ECF9F8","textColor":"#33A39C"},{"type":"Frozen","text":"Congelat","icon":"https://cdn.freshful.ro/assets/product_tags/congelat.svg","iconPng":"https://cdn.freshful.ro/assets/product_tags/congelat.png","backgroundColor":"#EDF6FA","textColor":"#2E9AD1"}],"isAvailable":true,"maxAvailableQuantity":31,"maxAllowedQuantity":100,"breadcrumbs":[{"code":"6","name":"Înghețată & congelate","slug":"6-produse-congelate"},{"code":"604","name":"Înghețată și deserturi congelate","slug":"604-inghetata-si-deserturi-congelate"},{"code":"60405","name":"Deserturi congelate","slug":"60405-deserturi-congelate"},{"code":"100122971","name":"Plăcintă încrețită vegetală 850g ","slug":"100122971-alfa-placinta-incretita-vegetala-850g"}],"activePromotion":{"code":"bunatatile-saptamanii-cw0923","name":"Preț redus","targetQuantity":null},"saveMe":null,"labels":[{"type":"v1","items":[{"text":"-21%","backgroundColor":"#FF9903","textColor":"#FFFFFF"}]}],"geniusPrice":null,"geniusUnitPricePerLabel":null,"banner":{"text":"Super preț","textColor":"#FF0000","bgColor":"#FFF2EC","icon":null,"link":"https://www.freshful.ro/oferte/bunatatile-saptamanii-cw0923","type":"promo","analyticsEventType":"select_promotion","analyticsEventPayload":{"promotion_id":"bunatatile-saptamanii-cw0923","promotion_name":"Oferta proaspătă a săptămânii"}},"discountLabel":"Economisești 21%","geniusDiscountLabel":null,"badge":null},{"code":"100103088","variantCode":"100103088","name":"Foi groase de plăcintă 400g","slug":"100103088-linco-patisero-foi-groase-de-placinta-400g","unitPriceLabel":"21,73 Lei/kg","brand":"Linco Patisero","brandCode":"945","brandFilterCode":"linco-patisero-b945","sku":"100103088","price":8.69,"originalPrice":null,"currencyCode":"RON","currency":"Lei","image":{"thumbnail":{"default":"https://cdn.freshful.ro/media/cache/sylius_shop_product_thumbnail/00/40/f2bf34dbb7541a550563e93666a5.jpg"},"large":{"default":"https://cdn.freshful.ro/media/cache/freshful_large/00/40/f2bf34dbb7541a550563e93666a5.jpg"},"extralarge":{"default":"https://cdn.freshful.ro/media/cache/sylius_shop_product_original/00/40/f2bf34dbb7541a550563e93666a5.jpg"}},"label":null,"tags":[{"type":"vegan","text":"Vegan","icon":"https://cdn.freshful.ro/assets/product_tags/vegan.svg","iconPng":"https://cdn.freshful.ro/assets/product_tags/vegan.png","backgroundColor":"#ECF9F8","textColor":"#33A39C"},{"type":"Frozen","text":"Congelat","icon":"https://cdn.freshful.ro/assets/product_tags/congelat.svg","iconPng":"https://cdn.freshful.ro/assets/product_tags/congelat.png","backgroundColor":"#EDF6FA","textColor":"#2E9AD1"},{"type":"NoPreservatives","text":"Fara conservanti","icon":"https://cdn.freshful.ro/assets/product_tags/fara_conservanti.svg","iconPng":"https://cdn.freshful.ro/assets/product_tags/fara_conservanti.png","backgroundColor":"#F0F2FF","textColor":"#7889DD"}],"isAvailable":true,"maxAvailableQuantity":63,"maxAllowedQuantity":100,"breadcrumbs":[{"code":"6","name":"Înghețată & congelate","slug":"6-produse-congelate"},{"code":"604","name":"Înghețată și deserturi congelate","slug":"604-inghetata-si-deserturi-congelate"},{"code":"60405","name":"Deserturi congelate","slug":"60405-deserturi-congelate"},{"code":"100103088","name":"Foi groase de plăcintă 400g","slug":"100103088-linco-patisero-foi-groase-de-placinta-400g"}],"activePromotion":null,"saveMe":null,"labels":[],"geniusPrice":null,"geniusUnitPricePerLabel":null,"banner":null,"discountLabel":null,"geniusDiscountLabel":null,"badge":null},{"code":"100063180","variantCode":"100063180","name":"Foi de placintă  400g","slug":"100063180-linco-patisero-foi-de-placinta-400g","unitPriceLabel":"16,23 Lei/kg","brand":"Linco Patisero","brandCode":"945","brandFilterCode":"linco-patisero-b945","sku":"100063180","price":6.49,"originalPrice":null,"currencyCode":"RON","currency":"Lei","image":{"thumbnail":{"default":"https://cdn.freshful.ro/media/cache/sylius_shop_product_thumbnail/fd/a9/b9ce1f623396b498840dab68e5c7.jpg"},"large":{"default":"https://cdn.freshful.ro/media/cache/freshful_large/fd/a9/b9ce1f623396b498840dab68e5c7.jpg"},"extralarge":{"default":"https://cdn.freshful.ro/media/cache/sylius_shop_product_original/fd/a9/b9ce1f623396b498840dab68e5c7.jpg"}},"label":null,"tags":[{"type":"vegan","text":"Vegan","icon":"https://cdn.freshful.ro/assets/product_tags/vegan.svg","iconPng":"https://cdn.freshful.ro/assets/product_tags/vegan.png","backgroundColor":"#ECF9F8","textColor":"#33A39C"},{"type":"Frozen","text":"Congelat","icon":"https://cdn.freshful.ro/assets/product_tags/congelat.svg","iconPng":"https://cdn.freshful.ro/assets/product_tags/congelat.png","backgroundColor":"#EDF6FA","textColor":"#2E9AD1"},{"type":"NoPreservatives","text":"Fara conservanti","icon":"https://cdn.freshful.ro/assets/product_tags/fara_conservanti.svg","iconPng":"https://cdn.freshful.ro/assets/product_tags/fara_conservanti.png","backgroundColor":"#F0F2FF","textColor":"#7889DD"}],"isAvailable":true,"maxAvailableQuantity":100,"maxAllowedQuantity":100,"breadcrumbs":[{"code":"6","name":"Înghețată & congelate","slug":"6-produse-congelate"},{"code":"604","name":"Înghețată și deserturi congelate","slug":"604-inghetata-si-deserturi-congelate"},{"code":"60405","name":"Deserturi congelate","slug":"60405-deserturi-congelate"},{"code":"100063180","name":"Foi de placintă  400g","slug":"100063180-linco-patisero-foi-de-placinta-400g"}],"activePromotion":null,"saveMe":null,"labels":[],"geniusPrice":null,"geniusUnitPricePerLabel":null,"banner":null,"discountLabel":null,"geniusDiscountLabel":null,"badge":null},{"code":"100132617","variantCode":"100132617","name":"Aluat foietaj 800g","slug":"100132617-morarita-aluat-foietaj-800g","unitPriceLabel":"13,74 Lei/kg","brand":"Morăriţa","brandCode":"485","brandFilterCode":"morarita-b486","sku":"100132617","price":10.99,"originalPrice":null,"currencyCode":"RON","currency":"Lei","image":{"thumbnail":{"default":"https://cdn.freshful.ro/media/cache/sylius_shop_product_thumbnail/a3/96/b8a0ef2f5086ea22cd2ee917bfb9.jpg"},"large":{"default":"https://cdn.freshful.ro/media/cache/freshful_large/a3/96/b8a0ef2f5086ea22cd2ee917bfb9.jpg"},"extralarge":{"default":"https://cdn.freshful.ro/media/cache/sylius_shop_product_original/a3/96/b8a0ef2f5086ea22cd2ee917bfb9.jpg"}},"label":null,"tags":[{"type":"Frozen","text":"Congelat","icon":"https://cdn.freshful.ro/assets/product_tags/congelat.svg","iconPng":"https://cdn.freshful.ro/assets/product_tags/congelat.png","backgroundColor":"#EDF6FA","textColor":"#2E9AD1"}],"isAvailable":true,"maxAvailableQuantity":48,"maxAllowedQuantity":100,"breadcrumbs":[{"code":"6","name":"Înghețată & congelate","slug":"6-produse-congelate"},{"code":"604","name":"Înghețată și deserturi congelate","slug":"604-inghetata-si-deserturi-congelate"},{"code":"60405","name":"Deserturi congelate","slug":"60405-deserturi-congelate"},{"code":"100132617","name":"Aluat foietaj 800g","slug":"100132617-morarita-aluat-foietaj-800g"}],"activePromotion":null,"saveMe":null,"labels":[],"geniusPrice":null,"geniusUnitPricePerLabel":null,"banner":null,"discountLabel":null,"geniusDiscountLabel":null,"badge":null},{"code":"100063179","variantCode":"100063179","name":"Aluat foietaj 800g  ","slug":"100063179-linco-patisero-aluat-foietaj-800g","unitPriceLabel":"15,61 Lei/kg","brand":"Linco Patisero","brandCode":"945","brandFilterCode":"linco-patisero-b945","sku":"100063179","price":12.49,"originalPrice":null,"currencyCode":"RON","currency":"Lei","image":{"thumbnail":{"default":"https://cdn.freshful.ro/media/cache/sylius_shop_product_thumbnail/05/7f/c5ae510b215a8e6757c00f69212c.jpg"},"large":{"default":"https://cdn.freshful.ro/media/cache/freshful_large/05/7f/c5ae510b215a8e6757c00f69212c.jpg"},"extralarge":{"default":"https://cdn.freshful.ro/media/cache/sylius_shop_product_original/05/7f/c5ae510b215a8e6757c00f69212c.jpg"}},"label":null,"tags":[{"type":"vegan","text":"Vegan","icon":"https://cdn.freshful.ro/assets/product_tags/vegan.svg","iconPng":"https://cdn.freshful.ro/assets/product_tags/vegan.png","backgroundColor":"#ECF9F8","textColor":"#33A39C"},{"type":"Frozen","text":"Congelat","icon":"https://cdn.freshful.ro/assets/product_tags/congelat.svg","iconPng":"https://cdn.freshful.ro/assets/product_tags/congelat.png","backgroundColor":"#EDF6FA","textColor":"#2E9AD1"},{"type":"NoPreservatives","text":"Fara conservanti","icon":"https://cdn.freshful.ro/assets/product_tags/fara_conservanti.svg","iconPng":"https://cdn.freshful.ro/assets/product_tags/fara_conservanti.png","backgroundColor":"#F0F2FF","textColor":"#7889DD"}],"isAvailable":true,"maxAvailableQuantity":79,"maxAllowedQuantity":100,"breadcrumbs":[{"code":"6","name":"Înghețată & congelate","slug":"6-produse-congelate"},{"code":"604","name":"Înghețată și deserturi congelate","slug":"604-inghetata-si-deserturi-congelate"},{"code":"60405","name":"Deserturi congelate","slug":"60405-deserturi-congelate"},{"code":"100063179","name":"Aluat foietaj 800g  ","slug":"100063179-linco-patisero-aluat-foietaj-800g"}],"activePromotion":null,"saveMe":null,"labels":[],"geniusPrice":null,"geniusUnitPricePerLabel":null,"banner":null,"discountLabel":null,"geniusDiscountLabel":null,"badge":null},{"code":"100143943","variantCode":"100143943","name":"Croissant 6 buc (60g) ","slug":"100143943-bridor-croissant-6-buc-60g","unitPriceLabel":"72,19 Lei/kg","brand":"Bridor","brandCode":"2782","brandFilterCode":"bridor-b2856","sku":"100143943","price":25.99,"originalPrice":null,"currencyCode":"RON","currency":"Lei","image":{"thumbnail":{"default":"https://cdn.freshful.ro/media/cache/sylius_shop_product_thumbnail/fc/70/a9aae5b226ef6c7de0da989a0a2e.jpg"},"large":{"default":"https://cdn.freshful.ro/media/cache/freshful_large/fc/70/a9aae5b226ef6c7de0da989a0a2e.jpg"},"extralarge":{"default":"https://cdn.freshful.ro/media/cache/sylius_shop_product_original/fc/70/a9aae5b226ef6c7de0da989a0a2e.jpg"}},"label":null,"tags":[{"type":"Frozen","text":"Congelat","icon":"https://cdn.freshful.ro/assets/product_tags/congelat.svg","iconPng":"https://cdn.freshful.ro/assets/product_tags/congelat.png","backgroundColor":"#EDF6FA","textColor":"#2E9AD1"}],"isAvailable":true,"maxAvailableQuantity":6,"maxAllowedQuantity":6,"breadcrumbs":[{"code":"6","name":"Înghețată & congelate","slug":"6-produse-congelate"},{"code":"604","name":"Înghețată și deserturi congelate","slug":"604-inghetata-si-deserturi-congelate"},{"code":"60405","name":"Deserturi congelate","slug":"60405-deserturi-congelate"},{"code":"100143943","name":"Croissant 6 buc (60g) ","slug":"100143943-bridor-croissant-6-buc-60g"}],"activePromotion":null,"saveMe":null,"labels":[],"geniusPrice":null,"geniusUnitPricePerLabel":null,"banner":null,"discountLabel":null,"geniusDiscountLabel":null,"badge":null},{"code":"100032351","variantCode":"5202535477011","name":"Plăcintă grecească cu vanilie Bougatsa 800g","slug":"100032351-alfa-placinta-greceasca-cu-vanilie-bougatsa-800g","unitPriceLabel":"27,36 Lei/kg","brand":"Alfa","brandCode":"214","brandFilterCode":"alfa-b215","sku":"100032351","price":21.89,"originalPrice":null,"currencyCode":"RON","currency":"Lei","image":{"thumbnail":{"default":"https://cdn.freshful.ro/media/cache/sylius_shop_product_thumbnail/68/69/ebf6b49cd333b010b3c248533594.jpg"},"large":{"default":"https://cdn.freshful.ro/media/cache/freshful_large/68/69/ebf6b49cd333b010b3c248533594.jpg"},"extralarge":{"default":"https://cdn.freshful.ro/media/cache/sylius_shop_product_original/68/69/ebf6b49cd333b010b3c248533594.jpg"}},"label":null,"tags":[{"type":"vegan","text":"Vegan","icon":"https://cdn.freshful.ro/assets/product_tags/vegan.svg","iconPng":"https://cdn.freshful.ro/assets/product_tags/vegan.png","backgroundColor":"#ECF9F8","textColor":"#33A39C"},{"type":"Frozen","text":"Congelat","icon":"https://cdn.freshful.ro/assets/product_tags/congelat.svg","iconPng":"https://cdn.freshful.ro/assets/product_tags/congelat.png","backgroundColor":"#EDF6FA","textColor":"#2E9AD1"},{"type":"NoPreservatives","text":"Fara conservanti","icon":"https://cdn.freshful.ro/assets/product_tags/fara_conservanti.svg","iconPng":"https://cdn.freshful.ro/assets/product_tags/fara_conservanti.png","backgroundColor":"#F0F2FF","textColor":"#7889DD"}],"isAvailable":true,"maxAvailableQuantity":68,"maxAllowedQuantity":100,"breadcrumbs":[{"code":"6","name":"Înghețată & congelate","slug":"6-produse-congelate"},{"code":"604","name":"Înghețată și deserturi congelate","slug":"604-inghetata-si-deserturi-congelate"},{"code":"60405","name":"Deserturi congelate","slug":"60405-deserturi-congelate"},{"code":"100032351","name":"Plăcintă grecească cu vanilie Bougatsa 800g","slug":"100032351-alfa-placinta-greceasca-cu-vanilie-bougatsa-800g"}],"activePromotion":null,"saveMe":null,"labels":[],"geniusPrice":null,"geniusUnitPricePerLabel":null,"banner":null,"discountLabel":null,"geniusDiscountLabel":null,"badge":null},{"code":"100045674","variantCode":"100045674","name":"Mini croissant cu ciocolată și cremă de alune 8x45g ","slug":"100045674-schulstad-mini-croissant-cu-ciocolata-si-crema-de-alune-8x45g","unitPriceLabel":"88,86 Lei/kg","brand":"Schulstad","brandCode":"439","brandFilterCode":"schulstad-b440","sku":"100045674","price":31.99,"originalPrice":null,"currencyCode":"RON","currency":"Lei","image":{"thumbnail":{"default":"https://cdn.freshful.ro/media/cache/sylius_shop_product_thumbnail/5d/d5/ff92e8fcec7c335913935daae27c.jpg"},"large":{"default":"https://cdn.freshful.ro/media/cache/freshful_large/5d/d5/ff92e8fcec7c335913935daae27c.jpg"},"extralarge":{"default":"https://cdn.freshful.ro/media/cache/sylius_shop_product_original/5d/d5/ff92e8fcec7c335913935daae27c.jpg"}},"label":null,"tags":[{"type":"Frozen","text":"Congelat","icon":"https://cdn.freshful.ro/assets/product_tags/congelat.svg","iconPng":"https://cdn.freshful.ro/assets/product_tags/congelat.png","backgroundColor":"#EDF6FA","textColor":"#2E9AD1"}],"isAvailable":true,"maxAvailableQuantity":97,"maxAllowedQuantity":100,"breadcrumbs":[{"code":"6","name":"Înghețată & congelate","slug":"6-produse-congelate"},{"code":"604","name":"Înghețată și deserturi congelate","slug":"604-inghetata-si-deserturi-congelate"},{"code":"60405","name":"Deserturi congelate","slug":"60405-deserturi-congelate"},{"code":"100045674","name":"Mini croissant cu ciocolată și cremă de alune 8x45g ","slug":"100045674-schulstad-mini-croissant-cu-ciocolata-si-crema-de-alune-8x45g"}],"activePromotion":null,"saveMe":null,"labels":[],"geniusPrice":null,"geniusUnitPricePerLabel":null,"banner":null,"discountLabel":null,"geniusDiscountLabel":null,"badge":null},{"code":"100063178","variantCode":"100063178","name":"Plăcintă cu mere și scorțișoară 800g","slug":"100063178-linco-patisero-placinta-cu-mere-si-scortisoara-800g","unitPriceLabel":"29,36 Lei/kg","brand":"Linco Patisero","brandCode":"945","brandFilterCode":"linco-patisero-b945","sku":"100063178","price":23.49,"originalPrice":null,"currencyCode":"RON","currency":"Lei","image":{"thumbnail":{"default":"https://cdn.freshful.ro/media/cache/sylius_shop_product_thumbnail/3f/61/d52e56c95ef51a97a5c3ea2d04d6.jpg"},"large":{"default":"https://cdn.freshful.ro/media/cache/freshful_large/3f/61/d52e56c95ef51a97a5c3ea2d04d6.jpg"},"extralarge":{"default":"https://cdn.freshful.ro/media/cache/sylius_shop_product_original/3f/61/d52e56c95ef51a97a5c3ea2d04d6.jpg"}},"label":null,"tags":[{"type":"vegan","text":"Vegan","icon":"https://cdn.freshful.ro/assets/product_tags/vegan.svg","iconPng":"https://cdn.freshful.ro/assets/product_tags/vegan.png","backgroundColor":"#ECF9F8","textColor":"#33A39C"},{"type":"Frozen","text":"Congelat","icon":"https://cdn.freshful.ro/assets/product_tags/congelat.svg","iconPng":"https://cdn.freshful.ro/assets/product_tags/congelat.png","backgroundColor":"#EDF6FA","textColor":"#2E9AD1"},{"type":"NoPreservatives","text":"Fara conservanti","icon":"https://cdn.freshful.ro/assets/product_tags/fara_conservanti.svg","iconPng":"https://cdn.freshful.ro/assets/product_tags/fara_conservanti.png","backgroundColor":"#F0F2FF","textColor":"#7889DD"},{"type":"MadeInRomania","text":"Made In Romania","icon":"https://cdn.freshful.ro/assets/product_tags/made_in_romania.svg","iconPng":"https://cdn.freshful.ro/assets/product_tags/made_in_romania.png","backgroundColor":"#EDF2FD","textColor":"#1653CA"}],"isAvailable":true,"maxAvailableQuantity":5,"maxAllowedQuantity":100,"breadcrumbs":[{"code":"6","name":"Înghețată & congelate","slug":"6-produse-congelate"},{"code":"604","name":"Înghețată și deserturi congelate","slug":"604-inghetata-si-deserturi-congelate"},{"code":"60405","name":"Deserturi congelate","slug":"60405-deserturi-congelate"},{"code":"100063178","name":"Plăcintă cu mere și scorțișoară 800g","slug":"100063178-linco-patisero-placinta-cu-mere-si-scortisoara-800g"}],"activePromotion":null,"saveMe":null,"labels":[],"geniusPrice":null,"geniusUnitPricePerLabel":null,"banner":null,"discountLabel":null,"geniusDiscountLabel":null,"badge":null}]},{"analyticsListId":"category-slot_601-carne-si-peste-congelate","analyticsListName":"Category Slot - Carne și pește congelate","type":"products_carousel","title":"Carne și pește congelate","link":{"title":"Mai multe","count":64,"url":"/c/6-produse-congelate/601-carne-si-peste-congelate"},"products":[{"code":"100062131","variantCode":"5941330008098","name":"Șprot întreg 500g","slug":"100062131-negro-sprot-intreg-500g","unitPriceLabel":"9,38 Lei/kg","brand":"Negro","brandCode":"480","brandFilterCode":"negro-b481","sku":"100062131","price":4.69,"originalPrice":6.99,"currencyCode":"RON","currency":"Lei","image":{"thumbnail":{"default":"https://cdn.freshful.ro/media/cache/sylius_shop_product_thumbnail/fa/2e/dbd5a235e2994c512a9a0b2ddfab.jpg"},"large":{"default":"https://cdn.freshful.ro/media/cache/freshful_large/fa/2e/dbd5a235e2994c512a9a0b2ddfab.jpg"},"extralarge":{"default":"https://cdn.freshful.ro/media/cache/sylius_shop_product_original/fa/2e/dbd5a235e2994c512a9a0b2ddfab.jpg"}},"label":{"text":"-32%","backgroundColor":"#FF9903","textColor":"#FFFFFF"},"tags":[{"type":"Frozen","text":"Congelat","icon":"https://cdn.freshful.ro/assets/product_tags/congelat.svg","iconPng":"https://cdn.freshful.ro/assets/product_tags/congelat.png","backgroundColor":"#EDF6FA","textColor":"#2E9AD1"}],"isAvailable":true,"maxAvailableQuantity":100,"maxAllowedQuantity":100,"breadcrumbs":[{"code":"6","name":"Înghețată & congelate","slug":"6-produse-congelate"},{"code":"601","name":"Carne și pește congelate","slug":"601-carne-si-peste-congelate"},{"code":"60102","name":"Pește congelat","slug":"60102-peste-congelat"},{"code":"100062131","name":"Șprot întreg 500g","slug":"100062131-negro-sprot-intreg-500g"}],"activePromotion":{"code":"bunatatile-saptamanii-cw0923","name":"Preț redus","targetQuantity":null},"saveMe":null,"labels":[{"type":"v1","items":[{"text":"-32%","backgroundColor":"#FF9903","textColor":"#FFFFFF"}]}],"geniusPrice":null,"geniusUnitPricePerLabel":null,"banner":{"text":"Super preț","textColor":"#FF0000","bgColor":"#FFF2EC","icon":null,"link":"https://www.freshful.ro/oferte/bunatatile-saptamanii-cw0923","type":"promo","analyticsEventType":"select_promotion","analyticsEventPayload":{"promotion_id":"bunatatile-saptamanii-cw0923","promotion_name":"Oferta proaspătă a săptămânii"}},"discountLabel":"Economisești 32%","geniusDiscountLabel":null,"badge":null},{"code":"100063186","variantCode":"100063186","name":"Burger vegan 320g","slug":"100063186-naturli-burger-vegan-320g","unitPriceLabel":"49,97 Lei/kg","brand":"Naturli'","brandCode":"946","brandFilterCode":"naturli-b946","sku":"100063186","price":15.99,"originalPrice":17.49,"currencyCode":"RON","currency":"Lei","image":{"thumbnail":{"default":"https://cdn.freshful.ro/media/cache/sylius_shop_product_thumbnail/09/36/43fe8a029cb92a166894e7e3b923.jpg"},"large":{"default":"https://cdn.freshful.ro/media/cache/freshful_large/09/36/43fe8a029cb92a166894e7e3b923.jpg"},"extralarge":{"default":"https://cdn.freshful.ro/media/cache/sylius_shop_product_original/09/36/43fe8a029cb92a166894e7e3b923.jpg"}},"label":{"text":"-8%","backgroundColor":"#FF9903","textColor":"#FFFFFF"},"tags":[{"type":"vegan","text":"Vegan","icon":"https://cdn.freshful.ro/assets/product_tags/vegan.svg","iconPng":"https://cdn.freshful.ro/assets/product_tags/vegan.png","backgroundColor":"#ECF9F8","textColor":"#33A39C"},{"type":"NoGluten","text":"Fara gluten","icon":"https://cdn.freshful.ro/assets/product_tags/fara_gluten.svg","iconPng":"https://cdn.freshful.ro/assets/product_tags/fara_gluten.png","backgroundColor":"#FFF2E5","textColor":"#F07900"},{"type":"Frozen","text":"Congelat","icon":"https://cdn.freshful.ro/assets/product_tags/congelat.svg","iconPng":"https://cdn.freshful.ro/assets/product_tags/congelat.png","backgroundColor":"#EDF6FA","textColor":"#2E9AD1"}],"isAvailable":true,"maxAvailableQuantity":34,"maxAllowedQuantity":100,"breadcrumbs":[{"code":"6","name":"Înghețată & congelate","slug":"6-produse-congelate"},{"code":"601","name":"Carne și pește congelate","slug":"601-carne-si-peste-congelate"},{"code":"60101","name":"Carne congelată","slug":"60101-carne-congelata"},{"code":"100063186","name":"Burger vegan 320g","slug":"100063186-naturli-burger-vegan-320g"}],"activePromotion":{"code":"special-produse-vegane-mar23","name":"Preț redus","targetQuantity":null},"saveMe":null,"labels":[{"type":"v1","items":[{"text":"-8%","backgroundColor":"#FF9903","textColor":"#FFFFFF"}]}],"geniusPrice":null,"geniusUnitPricePerLabel":null,"banner":{"text":"Super preț","textColor":"#FF0000","bgColor":"#FFF2EC","icon":null,"link":"https://www.freshful.ro/oferte/special-produse-vegane-mar23","type":"promo","analyticsEventType":"select_promotion","analyticsEventPayload":{"promotion_id":"special-produse-vegane-mar23","promotion_name":"Și bun, și de post"}},"discountLabel":"Economisești 8%","geniusDiscountLabel":null,"badge":null},{"code":"100146740","variantCode":"100146740","name":"Chiftele din carne de porc 300g","slug":"100146740-moldova-in-bucate-chiftele-din-carne-de-porc-300g","unitPriceLabel":"34,97 Lei/kg","brand":"Moldova In Bucate","brandCode":"2827","brandFilterCode":"moldova-in-bucate-b2913","sku":"100146740","price":10.49,"originalPrice":11.99,"currencyCode":"RON","currency":"Lei","image":{"thumbnail":{"default":"https://cdn.freshful.ro/media/cache/sylius_shop_product_thumbnail/2b/55/228d948c3d61d5cc9f91b0dfcc77.jpg"},"large":{"default":"https://cdn.freshful.ro/media/cache/freshful_large/2b/55/228d948c3d61d5cc9f91b0dfcc77.jpg"},"extralarge":{"default":"https://cdn.freshful.ro/media/cache/sylius_shop_product_original/2b/55/228d948c3d61d5cc9f91b0dfcc77.jpg"}},"label":{"text":"-12%","backgroundColor":"#FF9903","textColor":"#FFFFFF"},"tags":[{"type":"Frozen","text":"Congelat","icon":"https://cdn.freshful.ro/assets/product_tags/congelat.svg","iconPng":"https://cdn.freshful.ro/assets/product_tags/congelat.png","backgroundColor":"#EDF6FA","textColor":"#2E9AD1"}],"isAvailable":true,"maxAvailableQuantity":8,"maxAllowedQuantity":100,"breadcrumbs":[{"code":"6","name":"Înghețată & congelate","slug":"6-produse-congelate"},{"code":"601","name":"Carne și pește congelate","slug":"601-carne-si-peste-congelate"},{"code":"60101","name":"Carne congelată","slug":"60101-carne-congelata"},{"code":"100146740","name":"Chiftele din carne de porc 300g","slug":"100146740-moldova-in-bucate-chiftele-din-carne-de-porc-300g"}],"activePromotion":{"code":"bunatatile-saptamanii-cw0923","name":"Preț redus","targetQuantity":null},"saveMe":null,"labels":[{"type":"v1","items":[{"text":"-12%","backgroundColor":"#FF9903","textColor":"#FFFFFF"}]}],"geniusPrice":null,"geniusUnitPricePerLabel":null,"banner":{"text":"Super preț","textColor":"#FF0000","bgColor":"#FFF2EC","icon":null,"link":"https://www.freshful.ro/oferte/bunatatile-saptamanii-cw0923","type":"promo","analyticsEventType":"select_promotion","analyticsEventPayload":{"promotion_id":"bunatatile-saptamanii-cw0923","promotion_name":"Oferta proaspătă a săptămânii"}},"discountLabel":"Economisești 12%","geniusDiscountLabel":null,"badge":null},{"code":"100032196","variantCode":"100032196","name":"Burger vegetal congelat 2x110g","slug":"100032196-verdino-burger-vegetal-congelat-2x110g","unitPriceLabel":"59,05 Lei/kg","brand":"Verdino","brandCode":"206","brandFilterCode":"verdino-b207","sku":"100032196","price":12.99,"originalPrice":14.99,"currencyCode":"RON","currency":"Lei","image":{"thumbnail":{"default":"https://cdn.freshful.ro/media/cache/sylius_shop_product_thumbnail/aa/8d/f2354e40d65b11d10021674da8df.jpg"},"large":{"default":"https://cdn.freshful.ro/media/cache/freshful_large/aa/8d/f2354e40d65b11d10021674da8df.jpg"},"extralarge":{"default":"https://cdn.freshful.ro/media/cache/sylius_shop_product_original/aa/8d/f2354e40d65b11d10021674da8df.jpg"}},"label":{"text":"-13%","backgroundColor":"#FF9903","textColor":"#FFFFFF"},"tags":[{"type":"vegan","text":"Vegan","icon":"https://cdn.freshful.ro/assets/product_tags/vegan.svg","iconPng":"https://cdn.freshful.ro/assets/product_tags/vegan.png","backgroundColor":"#ECF9F8","textColor":"#33A39C"},{"type":"Frozen","text":"Congelat","icon":"https://cdn.freshful.ro/assets/product_tags/congelat.svg","iconPng":"https://cdn.freshful.ro/assets/product_tags/congelat.png","backgroundColor":"#EDF6FA","textColor":"#2E9AD1"}],"isAvailable":true,"maxAvailableQuantity":46,"maxAllowedQuantity":100,"breadcrumbs":[{"code":"6","name":"Înghețată & congelate","slug":"6-produse-congelate"},{"code":"601","name":"Carne și pește congelate","slug":"601-carne-si-peste-congelate"},{"code":"60101","name":"Carne congelată","slug":"60101-carne-congelata"},{"code":"100032196","name":"Burger vegetal congelat 2x110g","slug":"100032196-verdino-burger-vegetal-congelat-2x110g"}],"activePromotion":{"code":"special-produse-vegane-mar23","name":"Preț redus","targetQuantity":null},"saveMe":null,"labels":[{"type":"v1","items":[{"text":"-13%","backgroundColor":"#FF9903","textColor":"#FFFFFF"}]}],"geniusPrice":null,"geniusUnitPricePerLabel":null,"banner":{"text":"Super preț","textColor":"#FF0000","bgColor":"#FFF2EC","icon":null,"link":"https://www.freshful.ro/oferte/special-produse-vegane-mar23","type":"promo","analyticsEventType":"select_promotion","analyticsEventPayload":{"promotion_id":"special-produse-vegane-mar23","promotion_name":"Și bun, și de post"}},"discountLabel":"Economisești 13%","geniusDiscountLabel":null,"badge":null},{"code":"100033935","variantCode":"100033935","name":"Vongole albe fierte 60/80, 500g","slug":"100033935-ocean-fish-vongole-albe-fierte-60-80-500g","unitPriceLabel":"21,98 Lei/kg","brand":"Ocean Fish","brandCode":"191","brandFilterCode":"ocean-fish-b192","sku":"100033935","price":10.99,"originalPrice":16.98,"currencyCode":"RON","currency":"Lei","image":{"thumbnail":{"default":"https://cdn.freshful.ro/media/cache/sylius_shop_product_thumbnail/4a/c0/cb7bdba315e56092eb81b51b4426.jpg"},"large":{"default":"https://cdn.freshful.ro/media/cache/freshful_large/4a/c0/cb7bdba315e56092eb81b51b4426.jpg"},"extralarge":{"default":"https://cdn.freshful.ro/media/cache/sylius_shop_product_original/4a/c0/cb7bdba315e56092eb81b51b4426.jpg"}},"label":{"text":"-35%","backgroundColor":"#FF9903","textColor":"#FFFFFF"},"tags":[{"type":"Frozen","text":"Congelat","icon":"https://cdn.freshful.ro/assets/product_tags/congelat.svg","iconPng":"https://cdn.freshful.ro/assets/product_tags/congelat.png","backgroundColor":"#EDF6FA","textColor":"#2E9AD1"}],"isAvailable":true,"maxAvailableQuantity":21,"maxAllowedQuantity":100,"breadcrumbs":[{"code":"6","name":"Înghețată & congelate","slug":"6-produse-congelate"},{"code":"601","name":"Carne și pește congelate","slug":"601-carne-si-peste-congelate"},{"code":"60103","name":"Fructe de mare congelate","slug":"60103-fructe-de-mare-congelate"},{"code":"100033935","name":"Vongole albe fierte 60/80, 500g","slug":"100033935-ocean-fish-vongole-albe-fierte-60-80-500g"}],"activePromotion":{"code":"bunatatile-saptamanii-cw0923","name":"Preț redus","targetQuantity":null},"saveMe":null,"labels":[{"type":"v1","items":[{"text":"-35%","backgroundColor":"#FF9903","textColor":"#FFFFFF"}]}],"geniusPrice":null,"geniusUnitPricePerLabel":null,"banner":{"text":"Super preț","textColor":"#FF0000","bgColor":"#FFF2EC","icon":null,"link":"https://www.freshful.ro/oferte/bunatatile-saptamanii-cw0923","type":"promo","analyticsEventType":"select_promotion","analyticsEventPayload":{"promotion_id":"bunatatile-saptamanii-cw0923","promotion_name":"Oferta proaspătă a săptămânii"}},"discountLabel":"Economisești 35%","geniusDiscountLabel":null,"badge":null},{"code":"100142624","variantCode":"100142624","name":"Burger vegetal 230g","slug":"100142624-future-farm-burger-vegetal-230g","unitPriceLabel":"108,65 Lei/kg","brand":"Future Farm","brandCode":"2743","brandFilterCode":"future-farm-b2749","sku":"100142624","price":24.99,"originalPrice":29.99,"currencyCode":"RON","currency":"Lei","image":{"thumbnail":{"default":"https://cdn.freshful.ro/media/cache/sylius_shop_product_thumbnail/6d/65/b703a6c3429c512432aa7716402a.jpg"},"large":{"default":"https://cdn.freshful.ro/media/cache/freshful_large/6d/65/b703a6c3429c512432aa7716402a.jpg"},"extralarge":{"default":"https://cdn.freshful.ro/media/cache/sylius_shop_product_original/6d/65/b703a6c3429c512432aa7716402a.jpg"}},"label":{"text":"-16%","backgroundColor":"#FF9903","textColor":"#FFFFFF"},"tags":[{"type":"vegan","text":"Vegan","icon":"https://cdn.freshful.ro/assets/product_tags/vegan.svg","iconPng":"https://cdn.freshful.ro/assets/product_tags/vegan.png","backgroundColor":"#ECF9F8","textColor":"#33A39C"},{"type":"Frozen","text":"Congelat","icon":"https://cdn.freshful.ro/assets/product_tags/congelat.svg","iconPng":"https://cdn.freshful.ro/assets/product_tags/congelat.png","backgroundColor":"#EDF6FA","textColor":"#2E9AD1"},{"type":"NoGluten","text":"Fara gluten","icon":"https://cdn.freshful.ro/assets/product_tags/fara_gluten.svg","iconPng":"https://cdn.freshful.ro/assets/product_tags/fara_gluten.png","backgroundColor":"#FFF2E5","textColor":"#F07900"}],"isAvailable":true,"maxAvailableQuantity":34,"maxAllowedQuantity":100,"breadcrumbs":[{"code":"6","name":"Înghețată & congelate","slug":"6-produse-congelate"},{"code":"601","name":"Carne și pește congelate","slug":"601-carne-si-peste-congelate"},{"code":"60101","name":"Carne congelată","slug":"60101-carne-congelata"},{"code":"100142624","name":"Burger vegetal 230g","slug":"100142624-future-farm-burger-vegetal-230g"}],"activePromotion":{"code":"special-produse-vegane-mar23","name":"Preț redus","targetQuantity":null},"saveMe":null,"labels":[{"type":"v1","items":[{"text":"-16%","backgroundColor":"#FF9903","textColor":"#FFFFFF"}]}],"geniusPrice":null,"geniusUnitPricePerLabel":null,"banner":{"text":"Super preț","textColor":"#FF0000","bgColor":"#FFF2EC","icon":null,"link":"https://www.freshful.ro/oferte/special-produse-vegane-mar23","type":"promo","analyticsEventType":"select_promotion","analyticsEventPayload":{"promotion_id":"special-produse-vegane-mar23","promotion_name":"Și bun, și de post"}},"discountLabel":"Economisești 16%","geniusDiscountLabel":null,"badge":null},{"code":"100032195","variantCode":"100032195","name":"Mititei vegetali congelați 200g","slug":"100032195-verdino-mititei-vegetali-congelati-200g","unitPriceLabel":"62,45 Lei/kg","brand":"Verdino","brandCode":"206","brandFilterCode":"verdino-b207","sku":"100032195","price":12.49,"originalPrice":13.99,"currencyCode":"RON","currency":"Lei","image":{"thumbnail":{"default":"https://cdn.freshful.ro/media/cache/sylius_shop_product_thumbnail/5f/0b/5d8241ff8300459b6d3dc234a307.jpg"},"large":{"default":"https://cdn.freshful.ro/media/cache/freshful_large/5f/0b/5d8241ff8300459b6d3dc234a307.jpg"},"extralarge":{"default":"https://cdn.freshful.ro/media/cache/sylius_shop_product_original/5f/0b/5d8241ff8300459b6d3dc234a307.jpg"}},"label":{"text":"-10%","backgroundColor":"#FF9903","textColor":"#FFFFFF"},"tags":[{"type":"vegan","text":"Vegan","icon":"https://cdn.freshful.ro/assets/product_tags/vegan.svg","iconPng":"https://cdn.freshful.ro/assets/product_tags/vegan.png","backgroundColor":"#ECF9F8","textColor":"#33A39C"},{"type":"Frozen","text":"Congelat","icon":"https://cdn.freshful.ro/assets/product_tags/congelat.svg","iconPng":"https://cdn.freshful.ro/assets/product_tags/congelat.png","backgroundColor":"#EDF6FA","textColor":"#2E9AD1"}],"isAvailable":true,"maxAvailableQuantity":17,"maxAllowedQuantity":100,"breadcrumbs":[{"code":"6","name":"Înghețată & congelate","slug":"6-produse-congelate"},{"code":"601","name":"Carne și pește congelate","slug":"601-carne-si-peste-congelate"},{"code":"60101","name":"Carne congelată","slug":"60101-carne-congelata"},{"code":"100032195","name":"Mititei vegetali congelați 200g","slug":"100032195-verdino-mititei-vegetali-congelati-200g"}],"activePromotion":{"code":"special-produse-vegane-mar23","name":"Preț redus","targetQuantity":null},"saveMe":null,"labels":[{"type":"v1","items":[{"text":"-10%","backgroundColor":"#FF9903","textColor":"#FFFFFF"}]}],"geniusPrice":null,"geniusUnitPricePerLabel":null,"banner":{"text":"Super preț","textColor":"#FF0000","bgColor":"#FFF2EC","icon":null,"link":"https://www.freshful.ro/oferte/special-produse-vegane-mar23","type":"promo","analyticsEventType":"select_promotion","analyticsEventPayload":{"promotion_id":"special-produse-vegane-mar23","promotion_name":"Și bun, și de post"}},"discountLabel":"Economisești 10%","geniusDiscountLabel":null,"badge":null},{"code":"100037299","variantCode":"100037299","name":"Pui Coquelet 550g","slug":"100037299-edenia-pui-coquelet-550g","unitPriceLabel":"52,71 Lei/kg","brand":"Edenia","brandCode":"56","brandFilterCode":"edenia-b52","sku":"100037299","price":28.99,"originalPrice":null,"currencyCode":"RON","currency":"Lei","image":{"thumbnail":{"default":"https://cdn.freshful.ro/media/cache/sylius_shop_product_thumbnail/18/26/817b1c7cf5d26ff95246142f60aa.jpg"},"large":{"default":"https://cdn.freshful.ro/media/cache/freshful_large/18/26/817b1c7cf5d26ff95246142f60aa.jpg"},"extralarge":{"default":"https://cdn.freshful.ro/media/cache/sylius_shop_product_original/18/26/817b1c7cf5d26ff95246142f60aa.jpg"}},"label":null,"tags":[{"type":"Frozen","text":"Congelat","icon":"https://cdn.freshful.ro/assets/product_tags/congelat.svg","iconPng":"https://cdn.freshful.ro/assets/product_tags/congelat.png","backgroundColor":"#EDF6FA","textColor":"#2E9AD1"}],"isAvailable":true,"maxAvailableQuantity":100,"maxAllowedQuantity":100,"breadcrumbs":[{"code":"6","name":"Înghețată & congelate","slug":"6-produse-congelate"},{"code":"601","name":"Carne și pește congelate","slug":"601-carne-si-peste-congelate"},{"code":"60101","name":"Carne congelată","slug":"60101-carne-congelata"},{"code":"100037299","name":"Pui Coquelet 550g","slug":"100037299-edenia-pui-coquelet-550g"}],"activePromotion":null,"saveMe":null,"labels":[],"geniusPrice":null,"geniusUnitPricePerLabel":null,"banner":null,"discountLabel":null,"geniusDiscountLabel":null,"badge":null},{"code":"100062128","variantCode":"5941330007909","name":"Creveți prefierți decorticați 30/40, în glazură de gheață 500g","slug":"100062128-negro-creveti-prefierti-decorticati-30-40-in-glazura-de-gheata-500g","unitPriceLabel":"92,98 Lei/kg","brand":"Negro","brandCode":"480","brandFilterCode":"negro-b481","sku":"100062128","price":46.49,"originalPrice":null,"currencyCode":"RON","currency":"Lei","image":{"thumbnail":{"default":"https://cdn.freshful.ro/media/cache/sylius_shop_product_thumbnail/48/ca/02e5d6604edfc51f7c061e307dc4.jpg"},"large":{"default":"https://cdn.freshful.ro/media/cache/freshful_large/48/ca/02e5d6604edfc51f7c061e307dc4.jpg"},"extralarge":{"default":"https://cdn.freshful.ro/media/cache/sylius_shop_product_original/48/ca/02e5d6604edfc51f7c061e307dc4.jpg"}},"label":null,"tags":[{"type":"Frozen","text":"Congelat","icon":"https://cdn.freshful.ro/assets/product_tags/congelat.svg","iconPng":"https://cdn.freshful.ro/assets/product_tags/congelat.png","backgroundColor":"#EDF6FA","textColor":"#2E9AD1"}],"isAvailable":true,"maxAvailableQuantity":85,"maxAllowedQuantity":100,"breadcrumbs":[{"code":"6","name":"Înghețată & congelate","slug":"6-produse-congelate"},{"code":"601","name":"Carne și pește congelate","slug":"601-carne-si-peste-congelate"},{"code":"60103","name":"Fructe de mare congelate","slug":"60103-fructe-de-mare-congelate"},{"code":"100062128","name":"Creveți prefierți decorticați 30/40, în glazură de gheață 500g","slug":"100062128-negro-creveti-prefierti-decorticati-30-40-in-glazura-de-gheata-500g"}],"activePromotion":null,"saveMe":null,"labels":[],"geniusPrice":null,"geniusUnitPricePerLabel":null,"banner":null,"discountLabel":null,"geniusDiscountLabel":null,"badge":null},{"code":"100150307","variantCode":"100150307","name":"Ficat de pui 500g","slug":"100150307-frangosul-ficat-de-pui-500g","unitPriceLabel":"15,5 Lei/kg","brand":"Frangosul","brandCode":"1039","brandFilterCode":"frangosul-b1039","sku":"100150307","price":7.75,"originalPrice":null,"currencyCode":"RON","currency":"Lei","image":{"thumbnail":{"default":"https://cdn.freshful.ro/media/cache/sylius_shop_product_thumbnail/29/d8/3c2ab5d4fa4d48f10be2fa0dff92.jpg"},"large":{"default":"https://cdn.freshful.ro/media/cache/freshful_large/29/d8/3c2ab5d4fa4d48f10be2fa0dff92.jpg"},"extralarge":{"default":"https://cdn.freshful.ro/media/cache/sylius_shop_product_original/29/d8/3c2ab5d4fa4d48f10be2fa0dff92.jpg"}},"label":null,"tags":[{"type":"Frozen","text":"Congelat","icon":"https://cdn.freshful.ro/assets/product_tags/congelat.svg","iconPng":"https://cdn.freshful.ro/assets/product_tags/congelat.png","backgroundColor":"#EDF6FA","textColor":"#2E9AD1"}],"isAvailable":true,"maxAvailableQuantity":100,"maxAllowedQuantity":100,"breadcrumbs":[{"code":"6","name":"Înghețată & congelate","slug":"6-produse-congelate"},{"code":"601","name":"Carne și pește congelate","slug":"601-carne-si-peste-congelate"},{"code":"60101","name":"Carne congelată","slug":"60101-carne-congelata"},{"code":"100150307","name":"Ficat de pui 500g","slug":"100150307-frangosul-ficat-de-pui-500g"}],"activePromotion":null,"saveMe":null,"labels":[],"geniusPrice":null,"geniusUnitPricePerLabel":null,"banner":null,"discountLabel":null,"geniusDiscountLabel":null,"badge":null}]},{"analyticsListId":"category-slot_602-legume-si-fructe-congelate","analyticsListName":"Category Slot - Legume și fructe congelate","type":"products_carousel","title":"Legume și fructe congelate","link":{"title":"Mai multe","count":145,"url":"/c/6-produse-congelate/602-legume-si-fructe-congelate"},"products":[{"code":"100037388","variantCode":"100037388","name":"Legume pai 450g","slug":"100037388-edenia-legume-pai-450g","unitPriceLabel":"28,87 Lei/kg","brand":"Edenia","brandCode":"56","brandFilterCode":"edenia-b52","sku":"100037388","price":12.99,"originalPrice":14.89,"currencyCode":"RON","currency":"Lei","image":{"thumbnail":{"default":"https://cdn.freshful.ro/media/cache/sylius_shop_product_thumbnail/bf/ce/b37877afbe642e985022a7410a75.jpg"},"large":{"default":"https://cdn.freshful.ro/media/cache/freshful_large/bf/ce/b37877afbe642e985022a7410a75.jpg"},"extralarge":{"default":"https://cdn.freshful.ro/media/cache/sylius_shop_product_original/bf/ce/b37877afbe642e985022a7410a75.jpg"}},"label":{"text":"-12%","backgroundColor":"#FF9903","textColor":"#FFFFFF"},"tags":[{"type":"vegan","text":"Vegan","icon":"https://cdn.freshful.ro/assets/product_tags/vegan.svg","iconPng":"https://cdn.freshful.ro/assets/product_tags/vegan.png","backgroundColor":"#ECF9F8","textColor":"#33A39C"},{"type":"NoGluten","text":"Fara gluten","icon":"https://cdn.freshful.ro/assets/product_tags/fara_gluten.svg","iconPng":"https://cdn.freshful.ro/assets/product_tags/fara_gluten.png","backgroundColor":"#FFF2E5","textColor":"#F07900"},{"type":"Frozen","text":"Congelat","icon":"https://cdn.freshful.ro/assets/product_tags/congelat.svg","iconPng":"https://cdn.freshful.ro/assets/product_tags/congelat.png","backgroundColor":"#EDF6FA","textColor":"#2E9AD1"}],"isAvailable":true,"maxAvailableQuantity":57,"maxAllowedQuantity":100,"breadcrumbs":[{"code":"6","name":"Înghețată & congelate","slug":"6-produse-congelate"},{"code":"602","name":"Legume și fructe congelate","slug":"602-legume-si-fructe-congelate"},{"code":"60202","name":"Amestec de legume congelate","slug":"60202-amestec-de-legume-congelat"},{"code":"100037388","name":"Legume pai 450g","slug":"100037388-edenia-legume-pai-450g"}],"activePromotion":{"code":"bunatatile-saptamanii-cw0923","name":"Preț redus","targetQuantity":null},"saveMe":null,"labels":[{"type":"v1","items":[{"text":"-12%","backgroundColor":"#FF9903","textColor":"#FFFFFF"}]}],"geniusPrice":null,"geniusUnitPricePerLabel":null,"banner":{"text":"Super preț","textColor":"#FF0000","bgColor":"#FFF2EC","icon":null,"link":"https://www.freshful.ro/oferte/bunatatile-saptamanii-cw0923","type":"promo","analyticsEventType":"select_promotion","analyticsEventPayload":{"promotion_id":"bunatatile-saptamanii-cw0923","promotion_name":"Oferta proaspătă a săptămânii"}},"discountLabel":"Economisești 12%","geniusDiscountLabel":null,"badge":null},{"code":"100039174","variantCode":"100039174","name":"Dovleac cuburi 400g","slug":"100039174-casa-taraneasca-dovleac-cuburi-400g","unitPriceLabel":"19,23 Lei/kg","brand":"Casa Țărănească","brandCode":"725","brandFilterCode":"casa-taraneasca-b726","sku":"100039174","price":7.69,"originalPrice":9.99,"currencyCode":"RON","currency":"Lei","image":{"thumbnail":{"default":"https://cdn.freshful.ro/media/cache/sylius_shop_product_thumbnail/16/14/6bf6cc5c994992a07462194c4533.jpg"},"large":{"default":"https://cdn.freshful.ro/media/cache/freshful_large/16/14/6bf6cc5c994992a07462194c4533.jpg"},"extralarge":{"default":"https://cdn.freshful.ro/media/cache/sylius_shop_product_original/16/14/6bf6cc5c994992a07462194c4533.jpg"}},"label":{"text":"-23%","backgroundColor":"#FF9903","textColor":"#FFFFFF"},"tags":[{"type":"Frozen","text":"Congelat","icon":"https://cdn.freshful.ro/assets/product_tags/congelat.svg","iconPng":"https://cdn.freshful.ro/assets/product_tags/congelat.png","backgroundColor":"#EDF6FA","textColor":"#2E9AD1"}],"isAvailable":true,"maxAvailableQuantity":25,"maxAllowedQuantity":100,"breadcrumbs":[{"code":"6","name":"Înghețată & congelate","slug":"6-produse-congelate"},{"code":"602","name":"Legume și fructe congelate","slug":"602-legume-si-fructe-congelate"},{"code":"60201","name":"Legume congelate","slug":"60201-legume-congelate"},{"code":"100039174","name":"Dovleac cuburi 400g","slug":"100039174-casa-taraneasca-dovleac-cuburi-400g"}],"activePromotion":{"code":"special-produse-vegane-mar23","name":"Preț redus","targetQuantity":null},"saveMe":null,"labels":[{"type":"v1","items":[{"text":"-23%","backgroundColor":"#FF9903","textColor":"#FFFFFF"}]}],"geniusPrice":null,"geniusUnitPricePerLabel":null,"banner":{"text":"Super preț","textColor":"#FF0000","bgColor":"#FFF2EC","icon":null,"link":"https://www.freshful.ro/oferte/special-produse-vegane-mar23","type":"promo","analyticsEventType":"select_promotion","analyticsEventPayload":{"promotion_id":"special-produse-vegane-mar23","promotion_name":"Și bun, și de post"}},"discountLabel":"Economisești 23%","geniusDiscountLabel":null,"badge":null},{"code":"100037378","variantCode":"100037378","name":"Wellness mix 450g","slug":"100037378-edenia-wellness-mix-450g","unitPriceLabel":"17,76 Lei/kg","brand":"Edenia","brandCode":"56","brandFilterCode":"edenia-b52","sku":"100037378","price":7.99,"originalPrice":9.29,"currencyCode":"RON","currency":"Lei","image":{"thumbnail":{"default":"https://cdn.freshful.ro/media/cache/sylius_shop_product_thumbnail/2f/40/65846dcc91bee940c52a82025126.jpg"},"large":{"default":"https://cdn.freshful.ro/media/cache/freshful_large/2f/40/65846dcc91bee940c52a82025126.jpg"},"extralarge":{"default":"https://cdn.freshful.ro/media/cache/sylius_shop_product_original/2f/40/65846dcc91bee940c52a82025126.jpg"}},"label":{"text":"-13%","backgroundColor":"#FF9903","textColor":"#FFFFFF"},"tags":[{"type":"Frozen","text":"Congelat","icon":"https://cdn.freshful.ro/assets/product_tags/congelat.svg","iconPng":"https://cdn.freshful.ro/assets/product_tags/congelat.png","backgroundColor":"#EDF6FA","textColor":"#2E9AD1"}],"isAvailable":true,"maxAvailableQuantity":37,"maxAllowedQuantity":100,"breadcrumbs":[{"code":"6","name":"Înghețată & congelate","slug":"6-produse-congelate"},{"code":"602","name":"Legume și fructe congelate","slug":"602-legume-si-fructe-congelate"},{"code":"60202","name":"Amestec de legume congelate","slug":"60202-amestec-de-legume-congelat"},{"code":"100037378","name":"Wellness mix 450g","slug":"100037378-edenia-wellness-mix-450g"}],"activePromotion":{"code":"bunatatile-saptamanii-cw0923","name":"Preț redus","targetQuantity":null},"saveMe":null,"labels":[{"type":"v1","items":[{"text":"-13%","backgroundColor":"#FF9903","textColor":"#FFFFFF"}]}],"geniusPrice":null,"geniusUnitPricePerLabel":null,"banner":{"text":"Super preț","textColor":"#FF0000","bgColor":"#FFF2EC","icon":null,"link":"https://www.freshful.ro/oferte/bunatatile-saptamanii-cw0923","type":"promo","analyticsEventType":"select_promotion","analyticsEventPayload":{"promotion_id":"bunatatile-saptamanii-cw0923","promotion_name":"Oferta proaspătă a săptămânii"}},"discountLabel":"Economisești 13%","geniusDiscountLabel":null,"badge":null},{"code":"100039166","variantCode":"100039166","name":"Amestec de legume primăvară 400g","slug":"100039166-casa-taraneasca-amestec-de-legume-primavara-400g","unitPriceLabel":"16,23 Lei/kg","brand":"Casa Țărănească","brandCode":"725","brandFilterCode":"casa-taraneasca-b726","sku":"100039166","price":6.49,"originalPrice":8.15,"currencyCode":"RON","currency":"Lei","image":{"thumbnail":{"default":"https://cdn.freshful.ro/media/cache/sylius_shop_product_thumbnail/7f/19/80f0181434b75295355b379c0364.jpg"},"large":{"default":"https://cdn.freshful.ro/media/cache/freshful_large/7f/19/80f0181434b75295355b379c0364.jpg"},"extralarge":{"default":"https://cdn.freshful.ro/media/cache/sylius_shop_product_original/7f/19/80f0181434b75295355b379c0364.jpg"}},"label":{"text":"-20%","backgroundColor":"#FF9903","textColor":"#FFFFFF"},"tags":[{"type":"Frozen","text":"Congelat","icon":"https://cdn.freshful.ro/assets/product_tags/congelat.svg","iconPng":"https://cdn.freshful.ro/assets/product_tags/congelat.png","backgroundColor":"#EDF6FA","textColor":"#2E9AD1"}],"isAvailable":true,"maxAvailableQuantity":52,"maxAllowedQuantity":100,"breadcrumbs":[{"code":"6","name":"Înghețată & congelate","slug":"6-produse-congelate"},{"code":"602","name":"Legume și fructe congelate","slug":"602-legume-si-fructe-congelate"},{"code":"60202","name":"Amestec de legume congelate","slug":"60202-amestec-de-legume-congelat"},{"code":"100039166","name":"Amestec de legume primăvară 400g","slug":"100039166-casa-taraneasca-amestec-de-legume-primavara-400g"}],"activePromotion":{"code":"special-produse-vegane-mar23","name":"Preț redus","targetQuantity":null},"saveMe":null,"labels":[{"type":"v1","items":[{"text":"-20%","backgroundColor":"#FF9903","textColor":"#FFFFFF"}]}],"geniusPrice":null,"geniusUnitPricePerLabel":null,"banner":{"text":"Super preț","textColor":"#FF0000","bgColor":"#FFF2EC","icon":null,"link":"https://www.freshful.ro/oferte/special-produse-vegane-mar23","type":"promo","analyticsEventType":"select_promotion","analyticsEventPayload":{"promotion_id":"special-produse-vegane-mar23","promotion_name":"Și bun, și de post"}},"discountLabel":"Economisești 20%","geniusDiscountLabel":null,"badge":null},{"code":"100039171","variantCode":"100039171","name":"Amestec mexican de legume cu orez 400g","slug":"100039171-casa-taraneasca-amestec-mexican-de-legume-cu-orez-400g","unitPriceLabel":"19,98 Lei/kg","brand":"Casa Țărănească","brandCode":"725","brandFilterCode":"casa-taraneasca-b726","sku":"100039171","price":7.99,"originalPrice":11.79,"currencyCode":"RON","currency":"Lei","image":{"thumbnail":{"default":"https://cdn.freshful.ro/media/cache/sylius_shop_product_thumbnail/3e/ef/036da783170183ef7a78576ef231.jpg"},"large":{"default":"https://cdn.freshful.ro/media/cache/freshful_large/3e/ef/036da783170183ef7a78576ef231.jpg"},"extralarge":{"default":"https://cdn.freshful.ro/media/cache/sylius_shop_product_original/3e/ef/036da783170183ef7a78576ef231.jpg"}},"label":{"text":"-32%","backgroundColor":"#FF9903","textColor":"#FFFFFF"},"tags":[{"type":"Frozen","text":"Congelat","icon":"https://cdn.freshful.ro/assets/product_tags/congelat.svg","iconPng":"https://cdn.freshful.ro/assets/product_tags/congelat.png","backgroundColor":"#EDF6FA","textColor":"#2E9AD1"}],"isAvailable":true,"maxAvailableQuantity":100,"maxAllowedQuantity":100,"breadcrumbs":[{"code":"6","name":"Înghețată & congelate","slug":"6-produse-congelate"},{"code":"602","name":"Legume și fructe congelate","slug":"602-legume-si-fructe-congelate"},{"code":"60202","name":"Amestec de legume congelate","slug":"60202-amestec-de-legume-congelat"},{"code":"100039171","name":"Amestec mexican de legume cu orez 400g","slug":"100039171-casa-taraneasca-amestec-mexican-de-legume-cu-orez-400g"}],"activePromotion":{"code":"bunatatile-saptamanii-cw0923","name":"Preț redus","targetQuantity":null},"saveMe":null,"labels":[{"type":"v1","items":[{"text":"-32%","backgroundColor":"#FF9903","textColor":"#FFFFFF"}]}],"geniusPrice":null,"geniusUnitPricePerLabel":null,"banner":{"text":"Super preț","textColor":"#FF0000","bgColor":"#FFF2EC","icon":null,"link":"https://www.freshful.ro/oferte/bunatatile-saptamanii-cw0923","type":"promo","analyticsEventType":"select_promotion","analyticsEventPayload":{"promotion_id":"bunatatile-saptamanii-cw0923","promotion_name":"Oferta proaspătă a săptămânii"}},"discountLabel":"Economisești 32%","geniusDiscountLabel":null,"badge":null},{"code":"100144500","variantCode":"100144500","name":"Amestec Legume cu orez și ciuperci 400g","slug":"100144500-casa-taraneasca-amestec-legume-cu-orez-si-ciuperci-400g","unitPriceLabel":"19,98 Lei/kg","brand":"Casa Țărănească","brandCode":"725","brandFilterCode":"casa-taraneasca-b726","sku":"100144500","price":7.99,"originalPrice":9.99,"currencyCode":"RON","currency":"Lei","image":{"thumbnail":{"default":"https://cdn.freshful.ro/media/cache/sylius_shop_product_thumbnail/f3/f1/3314385cd8de2f17290091d7dfea.jpg"},"large":{"default":"https://cdn.freshful.ro/media/cache/freshful_large/f3/f1/3314385cd8de2f17290091d7dfea.jpg"},"extralarge":{"default":"https://cdn.freshful.ro/media/cache/sylius_shop_product_original/f3/f1/3314385cd8de2f17290091d7dfea.jpg"}},"label":{"text":"-20%","backgroundColor":"#FF9903","textColor":"#FFFFFF"},"tags":[{"type":"Frozen","text":"Congelat","icon":"https://cdn.freshful.ro/assets/product_tags/congelat.svg","iconPng":"https://cdn.freshful.ro/assets/product_tags/congelat.png","backgroundColor":"#EDF6FA","textColor":"#2E9AD1"}],"isAvailable":true,"maxAvailableQuantity":70,"maxAllowedQuantity":100,"breadcrumbs":[{"code":"6","name":"Înghețată & congelate","slug":"6-produse-congelate"},{"code":"602","name":"Legume și fructe congelate","slug":"602-legume-si-fructe-congelate"},{"code":"60202","name":"Amestec de legume congelate","slug":"60202-amestec-de-legume-congelat"},{"code":"100144500","name":"Amestec Legume cu orez și ciuperci 400g","slug":"100144500-casa-taraneasca-amestec-legume-cu-orez-si-ciuperci-400g"}],"activePromotion":{"code":"bunatatile-saptamanii-cw0923","name":"Preț redus","targetQuantity":null},"saveMe":null,"labels":[{"type":"v1","items":[{"text":"-20%","backgroundColor":"#FF9903","textColor":"#FFFFFF"}]}],"geniusPrice":null,"geniusUnitPricePerLabel":null,"banner":{"text":"Super preț","textColor":"#FF0000","bgColor":"#FFF2EC","icon":null,"link":"https://www.freshful.ro/oferte/bunatatile-saptamanii-cw0923","type":"promo","analyticsEventType":"select_promotion","analyticsEventPayload":{"promotion_id":"bunatatile-saptamanii-cw0923","promotion_name":"Oferta proaspătă a săptămânii"}},"discountLabel":"Economisești 20%","geniusDiscountLabel":null,"badge":null},{"code":"100039156","variantCode":"100039156","name":"Bame verzi întregi 400g","slug":"100039156-casa-taraneasca-bame-verzi-intregi-400g","unitPriceLabel":"21,98 Lei/kg","brand":"Casa Țărănească","brandCode":"725","brandFilterCode":"casa-taraneasca-b726","sku":"100039156","price":8.79,"originalPrice":10.49,"currencyCode":"RON","currency":"Lei","image":{"thumbnail":{"default":"https://cdn.freshful.ro/media/cache/sylius_shop_product_thumbnail/ed/0d/afa0ecdbe14f07e1765f4bd8bb2b.jpg"},"large":{"default":"https://cdn.freshful.ro/media/cache/freshful_large/ed/0d/afa0ecdbe14f07e1765f4bd8bb2b.jpg"},"extralarge":{"default":"https://cdn.freshful.ro/media/cache/sylius_shop_product_original/ed/0d/afa0ecdbe14f07e1765f4bd8bb2b.jpg"}},"label":{"text":"-16%","backgroundColor":"#FF9903","textColor":"#FFFFFF"},"tags":[{"type":"Frozen","text":"Congelat","icon":"https://cdn.freshful.ro/assets/product_tags/congelat.svg","iconPng":"https://cdn.freshful.ro/assets/product_tags/congelat.png","backgroundColor":"#EDF6FA","textColor":"#2E9AD1"}],"isAvailable":true,"maxAvailableQuantity":37,"maxAllowedQuantity":100,"breadcrumbs":[{"code":"6","name":"Înghețată & congelate","slug":"6-produse-congelate"},{"code":"602","name":"Legume și fructe congelate","slug":"602-legume-si-fructe-congelate"},{"code":"60201","name":"Legume congelate","slug":"60201-legume-congelate"},{"code":"100039156","name":"Bame verzi întregi 400g","slug":"100039156-casa-taraneasca-bame-verzi-intregi-400g"}],"activePromotion":{"code":"special-produse-vegane-mar23","name":"Preț redus","targetQuantity":null},"saveMe":null,"labels":[{"type":"v1","items":[{"text":"-16%","backgroundColor":"#FF9903","textColor":"#FFFFFF"}]}],"geniusPrice":null,"geniusUnitPricePerLabel":null,"banner":{"text":"Super preț","textColor":"#FF0000","bgColor":"#FFF2EC","icon":null,"link":"https://www.freshful.ro/oferte/special-produse-vegane-mar23","type":"promo","analyticsEventType":"select_promotion","analyticsEventPayload":{"promotion_id":"special-produse-vegane-mar23","promotion_name":"Și bun, și de post"}},"discountLabel":"Economisești 16%","geniusDiscountLabel":null,"badge":null},{"code":"100039162","variantCode":"100039162","name":"Fasole verde lată 400g","slug":"100039162-casa-taraneasca-fasole-verde-lata-400g","unitPriceLabel":"14,98 Lei/kg","brand":"Casa Țărănească","brandCode":"725","brandFilterCode":"casa-taraneasca-b726","sku":"100039162","price":5.99,"originalPrice":7.65,"currencyCode":"RON","currency":"Lei","image":{"thumbnail":{"default":"https://cdn.freshful.ro/media/cache/sylius_shop_product_thumbnail/cc/bf/f7658e843526d42b25525f273e54.jpg"},"large":{"default":"https://cdn.freshful.ro/media/cache/freshful_large/cc/bf/f7658e843526d42b25525f273e54.jpg"},"extralarge":{"default":"https://cdn.freshful.ro/media/cache/sylius_shop_product_original/cc/bf/f7658e843526d42b25525f273e54.jpg"}},"label":{"text":"-21%","backgroundColor":"#FF9903","textColor":"#FFFFFF"},"tags":[{"type":"Frozen","text":"Congelat","icon":"https://cdn.freshful.ro/assets/product_tags/congelat.svg","iconPng":"https://cdn.freshful.ro/assets/product_tags/congelat.png","backgroundColor":"#EDF6FA","textColor":"#2E9AD1"}],"isAvailable":true,"maxAvailableQuantity":33,"maxAllowedQuantity":100,"breadcrumbs":[{"code":"6","name":"Înghețată & congelate","slug":"6-produse-congelate"},{"code":"602","name":"Legume și fructe congelate","slug":"602-legume-si-fructe-congelate"},{"code":"60201","name":"Legume congelate","slug":"60201-legume-congelate"},{"code":"100039162","name":"Fasole verde lată 400g","slug":"100039162-casa-taraneasca-fasole-verde-lata-400g"}],"activePromotion":{"code":"special-produse-vegane-mar23","name":"Preț redus","targetQuantity":null},"saveMe":null,"labels":[{"type":"v1","items":[{"text":"-21%","backgroundColor":"#FF9903","textColor":"#FFFFFF"}]}],"geniusPrice":null,"geniusUnitPricePerLabel":null,"banner":{"text":"Super preț","textColor":"#FF0000","bgColor":"#FFF2EC","icon":null,"link":"https://www.freshful.ro/oferte/special-produse-vegane-mar23","type":"promo","analyticsEventType":"select_promotion","analyticsEventPayload":{"promotion_id":"special-produse-vegane-mar23","promotion_name":"Și bun, și de post"}},"discountLabel":"Economisești 21%","geniusDiscountLabel":null,"badge":null},{"code":"100124555","variantCode":"100124555","name":"Mix pentru smoothie Steady Yellow 500g","slug":"100124555-edenia-mix-pentru-smoothie-steady-yellow-500g","unitPriceLabel":"51,98 Lei/kg","brand":"Edenia","brandCode":"56","brandFilterCode":"edenia-b52","sku":"100124555","price":25.99,"originalPrice":29.49,"currencyCode":"RON","currency":"Lei","image":{"thumbnail":{"default":"https://cdn.freshful.ro/media/cache/sylius_shop_product_thumbnail/5c/b2/0ed35342b68f77754264e75c2b74.jpg"},"large":{"default":"https://cdn.freshful.ro/media/cache/freshful_large/5c/b2/0ed35342b68f77754264e75c2b74.jpg"},"extralarge":{"default":"https://cdn.freshful.ro/media/cache/sylius_shop_product_original/5c/b2/0ed35342b68f77754264e75c2b74.jpg"}},"label":{"text":"-11%","backgroundColor":"#FF9903","textColor":"#FFFFFF"},"tags":[{"type":"Frozen","text":"Congelat","icon":"https://cdn.freshful.ro/assets/product_tags/congelat.svg","iconPng":"https://cdn.freshful.ro/assets/product_tags/congelat.png","backgroundColor":"#EDF6FA","textColor":"#2E9AD1"}],"isAvailable":true,"maxAvailableQuantity":11,"maxAllowedQuantity":100,"breadcrumbs":[{"code":"6","name":"Înghețată & congelate","slug":"6-produse-congelate"},{"code":"602","name":"Legume și fructe congelate","slug":"602-legume-si-fructe-congelate"},{"code":"60204","name":"Amestec de fructe congelate","slug":"amestec-de-fructe-congelate"},{"code":"100124555","name":"Mix pentru smoothie Steady Yellow 500g","slug":"100124555-edenia-mix-pentru-smoothie-steady-yellow-500g"}],"activePromotion":{"code":"bunatatile-saptamanii-cw0923","name":"Preț redus","targetQuantity":null},"saveMe":null,"labels":[{"type":"v1","items":[{"text":"-11%","backgroundColor":"#FF9903","textColor":"#FFFFFF"}]}],"geniusPrice":null,"geniusUnitPricePerLabel":null,"banner":{"text":"Super preț","textColor":"#FF0000","bgColor":"#FFF2EC","icon":null,"link":"https://www.freshful.ro/oferte/bunatatile-saptamanii-cw0923","type":"promo","analyticsEventType":"select_promotion","analyticsEventPayload":{"promotion_id":"bunatatile-saptamanii-cw0923","promotion_name":"Oferta proaspătă a săptămânii"}},"discountLabel":"Economisești 11%","geniusDiscountLabel":null,"badge":null},{"code":"100142633","variantCode":"100142633","name":"Acai piure pentru mic dejun și smoothie 4x100gr","slug":"100142633-sambazon-acai-piure-pentru-mic-dejun-si-smoothie-4x100gr","unitPriceLabel":"87,48 Lei/kg","brand":"Sambazon","brandCode":"2745","brandFilterCode":"sambazon-b2751","sku":"100142633","price":34.99,"originalPrice":39.99,"currencyCode":"RON","currency":"Lei","image":{"thumbnail":{"default":"https://cdn.freshful.ro/media/cache/sylius_shop_product_thumbnail/33/d5/c5579fbd9351107862985f2d47c3.jpg"},"large":{"default":"https://cdn.freshful.ro/media/cache/freshful_large/33/d5/c5579fbd9351107862985f2d47c3.jpg"},"extralarge":{"default":"https://cdn.freshful.ro/media/cache/sylius_shop_product_original/33/d5/c5579fbd9351107862985f2d47c3.jpg"}},"label":{"text":"-12%","backgroundColor":"#FF9903","textColor":"#FFFFFF"},"tags":[{"type":"Frozen","text":"Congelat","icon":"https://cdn.freshful.ro/assets/product_tags/congelat.svg","iconPng":"https://cdn.freshful.ro/assets/product_tags/congelat.png","backgroundColor":"#EDF6FA","textColor":"#2E9AD1"},{"type":"Eco","text":"Eco","icon":"https://cdn.freshful.ro/assets/product_tags/eco.svg","iconPng":"https://cdn.freshful.ro/assets/product_tags/eco.png","backgroundColor":"#EFFBE4","textColor":"#66BB1B"}],"isAvailable":true,"maxAvailableQuantity":2,"maxAllowedQuantity":2,"breadcrumbs":[{"code":"6","name":"Înghețată & congelate","slug":"6-produse-congelate"},{"code":"602","name":"Legume și fructe congelate","slug":"602-legume-si-fructe-congelate"},{"code":"60203","name":"Fructe congelate","slug":"60203-fructe-congelate"},{"code":"100142633","name":"Acai piure pentru mic dejun și smoothie 4x100gr","slug":"100142633-sambazon-acai-piure-pentru-mic-dejun-si-smoothie-4x100gr"}],"activePromotion":{"code":"special-produse-vegane-mar23","name":"Preț redus","targetQuantity":null},"saveMe":null,"labels":[{"type":"v1","items":[{"text":"-12%","backgroundColor":"#FF9903","textColor":"#FFFFFF"}]}],"geniusPrice":null,"geniusUnitPricePerLabel":null,"banner":{"text":"Super preț","textColor":"#FF0000","bgColor":"#FFF2EC","icon":null,"link":"https://www.freshful.ro/oferte/special-produse-vegane-mar23","type":"promo","analyticsEventType":"select_promotion","analyticsEventPayload":{"promotion_id":"special-produse-vegane-mar23","promotion_name":"Și bun, și de post"}},"discountLabel":"Economisești 12%","geniusDiscountLabel":null,"badge":null}]},{"analyticsListId":"category-slot_603-semipreparate-congelate","analyticsListName":"Category Slot - Semipreparate congelate","type":"products_carousel","title":"Semipreparate congelate","link":{"title":"Mai multe","count":100,"url":"/c/6-produse-congelate/603-semipreparate-congelate"},"products":[{"code":"100124557","variantCode":"100124557","name":"Falafel 450g","slug":"100124557-edenia-falafel-450g","unitPriceLabel":"33,31 Lei/kg","brand":"Edenia","brandCode":"56","brandFilterCode":"edenia-b52","sku":"100124557","price":14.99,"originalPrice":18.99,"currencyCode":"RON","currency":"Lei","image":{"thumbnail":{"default":"https://cdn.freshful.ro/media/cache/sylius_shop_product_thumbnail/bc/1b/e70c6a519f37d049db4a32f6cd9f.jpg"},"large":{"default":"https://cdn.freshful.ro/media/cache/freshful_large/bc/1b/e70c6a519f37d049db4a32f6cd9f.jpg"},"extralarge":{"default":"https://cdn.freshful.ro/media/cache/sylius_shop_product_original/bc/1b/e70c6a519f37d049db4a32f6cd9f.jpg"}},"label":{"text":"-21%","backgroundColor":"#FF9903","textColor":"#FFFFFF"},"tags":[{"type":"vegan","text":"Vegan","icon":"https://cdn.freshful.ro/assets/product_tags/vegan.svg","iconPng":"https://cdn.freshful.ro/assets/product_tags/vegan.png","backgroundColor":"#ECF9F8","textColor":"#33A39C"},{"type":"Frozen","text":"Congelat","icon":"https://cdn.freshful.ro/assets/product_tags/congelat.svg","iconPng":"https://cdn.freshful.ro/assets/product_tags/congelat.png","backgroundColor":"#EDF6FA","textColor":"#2E9AD1"}],"isAvailable":true,"maxAvailableQuantity":78,"maxAllowedQuantity":100,"breadcrumbs":[{"code":"6","name":"Înghețată & congelate","slug":"6-produse-congelate"},{"code":"603","name":"Semipreparate congelate","slug":"603-semipreparate-congelate"},{"code":"60303","name":"Mâncare semipreparată congelată","slug":"60303-mancare-semipreparata-congelata"},{"code":"100124557","name":"Falafel 450g","slug":"100124557-edenia-falafel-450g"}],"activePromotion":{"code":"special-produse-vegane-mar23","name":"Preț redus","targetQuantity":null},"saveMe":null,"labels":[{"type":"v1","items":[{"text":"-21%","backgroundColor":"#FF9903","textColor":"#FFFFFF"}]}],"geniusPrice":null,"geniusUnitPricePerLabel":null,"banner":{"text":"Super preț","textColor":"#FF0000","bgColor":"#FFF2EC","icon":null,"link":"https://www.freshful.ro/oferte/special-produse-vegane-mar23","type":"promo","analyticsEventType":"select_promotion","analyticsEventPayload":{"promotion_id":"special-produse-vegane-mar23","promotion_name":"Și bun, și de post"}},"discountLabel":"Economisești 21%","geniusDiscountLabel":null,"badge":null},{"code":"100037336","variantCode":"100037336","name":"Risotto cu ciuperci 400g","slug":"100037336-edenia-risotto-cu-ciuperci-400g","unitPriceLabel":"37,48 Lei/kg","brand":"Edenia","brandCode":"56","brandFilterCode":"edenia-b52","sku":"100037336","price":14.99,"originalPrice":17.49,"currencyCode":"RON","currency":"Lei","image":{"thumbnail":{"default":"https://cdn.freshful.ro/media/cache/sylius_shop_product_thumbnail/bc/09/586ec5a44b616b99b4c0ff0596b2.jpg"},"large":{"default":"https://cdn.freshful.ro/media/cache/freshful_large/bc/09/586ec5a44b616b99b4c0ff0596b2.jpg"},"extralarge":{"default":"https://cdn.freshful.ro/media/cache/sylius_shop_product_original/bc/09/586ec5a44b616b99b4c0ff0596b2.jpg"}},"label":{"text":"-14%","backgroundColor":"#FF9903","textColor":"#FFFFFF"},"tags":[{"type":"Frozen","text":"Congelat","icon":"https://cdn.freshful.ro/assets/product_tags/congelat.svg","iconPng":"https://cdn.freshful.ro/assets/product_tags/congelat.png","backgroundColor":"#EDF6FA","textColor":"#2E9AD1"}],"isAvailable":true,"maxAvailableQuantity":29,"maxAllowedQuantity":100,"breadcrumbs":[{"code":"6","name":"Înghețată & congelate","slug":"6-produse-congelate"},{"code":"603","name":"Semipreparate congelate","slug":"603-semipreparate-congelate"},{"code":"60303","name":"Mâncare semipreparată congelată","slug":"60303-mancare-semipreparata-congelata"},{"code":"100037336","name":"Risotto cu ciuperci 400g","slug":"100037336-edenia-risotto-cu-ciuperci-400g"}],"activePromotion":{"code":"bunatatile-saptamanii-cw0923","name":"Preț redus","targetQuantity":null},"saveMe":null,"labels":[{"type":"v1","items":[{"text":"-14%","backgroundColor":"#FF9903","textColor":"#FFFFFF"}]}],"geniusPrice":null,"geniusUnitPricePerLabel":null,"banner":{"text":"Super preț","textColor":"#FF0000","bgColor":"#FFF2EC","icon":null,"link":"https://www.freshful.ro/oferte/bunatatile-saptamanii-cw0923","type":"promo","analyticsEventType":"select_promotion","analyticsEventPayload":{"promotion_id":"bunatatile-saptamanii-cw0923","promotion_name":"Oferta proaspătă a săptămânii"}},"discountLabel":"Economisești 14%","geniusDiscountLabel":null,"badge":null},{"code":"100074860","variantCode":"100074860","name":"Tagliatelle cu somon 400g","slug":"100074860-frosta-tagliatelle-cu-somon-400g","unitPriceLabel":"42,23 Lei/kg","brand":"Frosta","brandCode":"1030","brandFilterCode":"frosta-b1030","sku":"100074860","price":16.89,"originalPrice":17.99,"currencyCode":"RON","currency":"Lei","image":{"thumbnail":{"default":"https://cdn.freshful.ro/media/cache/sylius_shop_product_thumbnail/97/d6/8e29ca4cbd6a8f2ef6378624615a.jpg"},"large":{"default":"https://cdn.freshful.ro/media/cache/freshful_large/97/d6/8e29ca4cbd6a8f2ef6378624615a.jpg"},"extralarge":{"default":"https://cdn.freshful.ro/media/cache/sylius_shop_product_original/97/d6/8e29ca4cbd6a8f2ef6378624615a.jpg"}},"label":{"text":"-6%","backgroundColor":"#FF9903","textColor":"#FFFFFF"},"tags":[{"type":"Frozen","text":"Congelat","icon":"https://cdn.freshful.ro/assets/product_tags/congelat.svg","iconPng":"https://cdn.freshful.ro/assets/product_tags/congelat.png","backgroundColor":"#EDF6FA","textColor":"#2E9AD1"}],"isAvailable":true,"maxAvailableQuantity":35,"maxAllowedQuantity":100,"breadcrumbs":[{"code":"6","name":"Înghețată & congelate","slug":"6-produse-congelate"},{"code":"603","name":"Semipreparate congelate","slug":"603-semipreparate-congelate"},{"code":"60303","name":"Mâncare semipreparată congelată","slug":"60303-mancare-semipreparata-congelata"},{"code":"100074860","name":"Tagliatelle cu somon 400g","slug":"100074860-frosta-tagliatelle-cu-somon-400g"}],"activePromotion":{"code":"freshful-top-deals-2023","name":"Preț redus","targetQuantity":null},"saveMe":null,"labels":[{"type":"v1","items":[{"text":"-6%","backgroundColor":"#FF9903","textColor":"#FFFFFF"}]}],"geniusPrice":null,"geniusUnitPricePerLabel":null,"banner":{"text":"Super preț","textColor":"#FF0000","bgColor":"#FFF2EC","icon":null,"link":"https://www.freshful.ro/oferte/freshful-top-deals-2023","type":"promo","analyticsEventType":"select_promotion","analyticsEventPayload":{"promotion_id":"freshful-top-deals-2023","promotion_name":"Profită de Top Deals"}},"discountLabel":"Economisești 6%","geniusDiscountLabel":null,"badge":null},{"code":"100063187","variantCode":"100063187","name":"Falafel vegan 325g","slug":"100063187-naturli-falafel-vegan-325g","unitPriceLabel":"49,2 Lei/kg","brand":"Naturli'","brandCode":"946","brandFilterCode":"naturli-b946","sku":"100063187","price":15.99,"originalPrice":18.49,"currencyCode":"RON","currency":"Lei","image":{"thumbnail":{"default":"https://cdn.freshful.ro/media/cache/sylius_shop_product_thumbnail/66/e8/f9ba7604216065e487f6b38869c7.jpg"},"large":{"default":"https://cdn.freshful.ro/media/cache/freshful_large/66/e8/f9ba7604216065e487f6b38869c7.jpg"},"extralarge":{"default":"https://cdn.freshful.ro/media/cache/sylius_shop_product_original/66/e8/f9ba7604216065e487f6b38869c7.jpg"}},"label":{"text":"-13%","backgroundColor":"#FF9903","textColor":"#FFFFFF"},"tags":[{"type":"vegan","text":"Vegan","icon":"https://cdn.freshful.ro/assets/product_tags/vegan.svg","iconPng":"https://cdn.freshful.ro/assets/product_tags/vegan.png","backgroundColor":"#ECF9F8","textColor":"#33A39C"},{"type":"NoGluten","text":"Fara gluten","icon":"https://cdn.freshful.ro/assets/product_tags/fara_gluten.svg","iconPng":"https://cdn.freshful.ro/assets/product_tags/fara_gluten.png","backgroundColor":"#FFF2E5","textColor":"#F07900"},{"type":"Frozen","text":"Congelat","icon":"https://cdn.freshful.ro/assets/product_tags/congelat.svg","iconPng":"https://cdn.freshful.ro/assets/product_tags/congelat.png","backgroundColor":"#EDF6FA","textColor":"#2E9AD1"}],"isAvailable":true,"maxAvailableQuantity":8,"maxAllowedQuantity":100,"breadcrumbs":[{"code":"6","name":"Înghețată & congelate","slug":"6-produse-congelate"},{"code":"603","name":"Semipreparate congelate","slug":"603-semipreparate-congelate"},{"code":"60303","name":"Mâncare semipreparată congelată","slug":"60303-mancare-semipreparata-congelata"},{"code":"100063187","name":"Falafel vegan 325g","slug":"100063187-naturli-falafel-vegan-325g"}],"activePromotion":{"code":"special-produse-vegane-mar23","name":"Preț redus","targetQuantity":null},"saveMe":null,"labels":[{"type":"v1","items":[{"text":"-13%","backgroundColor":"#FF9903","textColor":"#FFFFFF"}]}],"geniusPrice":null,"geniusUnitPricePerLabel":null,"banner":{"text":"Super preț","textColor":"#FF0000","bgColor":"#FFF2EC","icon":null,"link":"https://www.freshful.ro/oferte/special-produse-vegane-mar23","type":"promo","analyticsEventType":"select_promotion","analyticsEventPayload":{"promotion_id":"special-produse-vegane-mar23","promotion_name":"Și bun, și de post"}},"discountLabel":"Economisești 13%","geniusDiscountLabel":null,"badge":null},{"code":"100063184","variantCode":"100063184","name":"Chifteluțe vegane 300g","slug":"100063184-naturli-chiftelute-vegane-300g","unitPriceLabel":"51,63 Lei/kg","brand":"Naturli'","brandCode":"946","brandFilterCode":"naturli-b946","sku":"100063184","price":15.49,"originalPrice":18.29,"currencyCode":"RON","currency":"Lei","image":{"thumbnail":{"default":"https://cdn.freshful.ro/media/cache/sylius_shop_product_thumbnail/89/71/9cfa3e52e53fc6f9b090091356fc.jpg"},"large":{"default":"https://cdn.freshful.ro/media/cache/freshful_large/89/71/9cfa3e52e53fc6f9b090091356fc.jpg"},"extralarge":{"default":"https://cdn.freshful.ro/media/cache/sylius_shop_product_original/89/71/9cfa3e52e53fc6f9b090091356fc.jpg"}},"label":{"text":"-15%","backgroundColor":"#FF9903","textColor":"#FFFFFF"},"tags":[{"type":"vegan","text":"Vegan","icon":"https://cdn.freshful.ro/assets/product_tags/vegan.svg","iconPng":"https://cdn.freshful.ro/assets/product_tags/vegan.png","backgroundColor":"#ECF9F8","textColor":"#33A39C"},{"type":"NoGluten","text":"Fara gluten","icon":"https://cdn.freshful.ro/assets/product_tags/fara_gluten.svg","iconPng":"https://cdn.freshful.ro/assets/product_tags/fara_gluten.png","backgroundColor":"#FFF2E5","textColor":"#F07900"},{"type":"Frozen","text":"Congelat","icon":"https://cdn.freshful.ro/assets/product_tags/congelat.svg","iconPng":"https://cdn.freshful.ro/assets/product_tags/congelat.png","backgroundColor":"#EDF6FA","textColor":"#2E9AD1"}],"isAvailable":true,"maxAvailableQuantity":25,"maxAllowedQuantity":100,"breadcrumbs":[{"code":"6","name":"Înghețată & congelate","slug":"6-produse-congelate"},{"code":"603","name":"Semipreparate congelate","slug":"603-semipreparate-congelate"},{"code":"60303","name":"Mâncare semipreparată congelată","slug":"60303-mancare-semipreparata-congelata"},{"code":"100063184","name":"Chifteluțe vegane 300g","slug":"100063184-naturli-chiftelute-vegane-300g"}],"activePromotion":{"code":"special-produse-vegane-mar23","name":"Preț redus","targetQuantity":null},"saveMe":null,"labels":[{"type":"v1","items":[{"text":"-15%","backgroundColor":"#FF9903","textColor":"#FFFFFF"}]}],"geniusPrice":null,"geniusUnitPricePerLabel":null,"banner":{"text":"Super preț","textColor":"#FF0000","bgColor":"#FFF2EC","icon":null,"link":"https://www.freshful.ro/oferte/special-produse-vegane-mar23","type":"promo","analyticsEventType":"select_promotion","analyticsEventPayload":{"promotion_id":"special-produse-vegane-mar23","promotion_name":"Și bun, și de post"}},"discountLabel":"Economisești 15%","geniusDiscountLabel":null,"badge":null},{"code":"100124558","variantCode":"100124558","name":"Veggie Tots 450g","slug":"100124558-edenia-veggie-tots-450g","unitPriceLabel":"39,98 Lei/kg","brand":"Edenia","brandCode":"56","brandFilterCode":"edenia-b52","sku":"100124558","price":17.99,"originalPrice":20.49,"currencyCode":"RON","currency":"Lei","image":{"thumbnail":{"default":"https://cdn.freshful.ro/media/cache/sylius_shop_product_thumbnail/8e/67/b4869188cced0d2aaba372daac10.jpg"},"large":{"default":"https://cdn.freshful.ro/media/cache/freshful_large/8e/67/b4869188cced0d2aaba372daac10.jpg"},"extralarge":{"default":"https://cdn.freshful.ro/media/cache/sylius_shop_product_original/8e/67/b4869188cced0d2aaba372daac10.jpg"}},"label":{"text":"-12%","backgroundColor":"#FF9903","textColor":"#FFFFFF"},"tags":[{"type":"NoGluten","text":"Fara gluten","icon":"https://cdn.freshful.ro/assets/product_tags/fara_gluten.svg","iconPng":"https://cdn.freshful.ro/assets/product_tags/fara_gluten.png","backgroundColor":"#FFF2E5","textColor":"#F07900"},{"type":"Frozen","text":"Congelat","icon":"https://cdn.freshful.ro/assets/product_tags/congelat.svg","iconPng":"https://cdn.freshful.ro/assets/product_tags/congelat.png","backgroundColor":"#EDF6FA","textColor":"#2E9AD1"}],"isAvailable":true,"maxAvailableQuantity":35,"maxAllowedQuantity":100,"breadcrumbs":[{"code":"6","name":"Înghețată & congelate","slug":"6-produse-congelate"},{"code":"603","name":"Semipreparate congelate","slug":"603-semipreparate-congelate"},{"code":"60303","name":"Mâncare semipreparată congelată","slug":"60303-mancare-semipreparata-congelata"},{"code":"100124558","name":"Veggie Tots 450g","slug":"100124558-edenia-veggie-tots-450g"}],"activePromotion":{"code":"special-produse-vegane-mar23","name":"Preț redus","targetQuantity":null},"saveMe":null,"labels":[{"type":"v1","items":[{"text":"-12%","backgroundColor":"#FF9903","textColor":"#FFFFFF"}]}],"geniusPrice":null,"geniusUnitPricePerLabel":null,"banner":{"text":"Super preț","textColor":"#FF0000","bgColor":"#FFF2EC","icon":null,"link":"https://www.freshful.ro/oferte/special-produse-vegane-mar23","type":"promo","analyticsEventType":"select_promotion","analyticsEventPayload":{"promotion_id":"special-produse-vegane-mar23","promotion_name":"Și bun, și de post"}},"discountLabel":"Economisești 12%","geniusDiscountLabel":null,"badge":null},{"code":"100142660","variantCode":"100142660","name":"Pizza Quattro Verdure 410g","slug":"100142660-edenia-pizza-quattro-verdure-410g","unitPriceLabel":"46,32 Lei/kg","brand":"Edenia","brandCode":"56","brandFilterCode":"edenia-b52","sku":"100142660","price":18.99,"originalPrice":21.79,"currencyCode":"RON","currency":"Lei","image":{"thumbnail":{"default":"https://cdn.freshful.ro/media/cache/sylius_shop_product_thumbnail/f3/70/9a2a91b6c78ec7996eef86f24743.jpg"},"large":{"default":"https://cdn.freshful.ro/media/cache/freshful_large/f3/70/9a2a91b6c78ec7996eef86f24743.jpg"},"extralarge":{"default":"https://cdn.freshful.ro/media/cache/sylius_shop_product_original/f3/70/9a2a91b6c78ec7996eef86f24743.jpg"}},"label":{"text":"-12%","backgroundColor":"#FF9903","textColor":"#FFFFFF"},"tags":[{"type":"Frozen","text":"Congelat","icon":"https://cdn.freshful.ro/assets/product_tags/congelat.svg","iconPng":"https://cdn.freshful.ro/assets/product_tags/congelat.png","backgroundColor":"#EDF6FA","textColor":"#2E9AD1"}],"isAvailable":true,"maxAvailableQuantity":20,"maxAllowedQuantity":100,"breadcrumbs":[{"code":"6","name":"Înghețată & congelate","slug":"6-produse-congelate"},{"code":"603","name":"Semipreparate congelate","slug":"603-semipreparate-congelate"},{"code":"60301","name":"Pizza congelată","slug":"60301-pizza-congelata"},{"code":"100142660","name":"Pizza Quattro Verdure 410g","slug":"100142660-edenia-pizza-quattro-verdure-410g"}],"activePromotion":{"code":"bunatatile-saptamanii-cw0923","name":"Preț redus","targetQuantity":null},"saveMe":null,"labels":[{"type":"v1","items":[{"text":"-12%","backgroundColor":"#FF9903","textColor":"#FFFFFF"}]}],"geniusPrice":null,"geniusUnitPricePerLabel":null,"banner":{"text":"Super preț","textColor":"#FF0000","bgColor":"#FFF2EC","icon":null,"link":"https://www.freshful.ro/oferte/bunatatile-saptamanii-cw0923","type":"promo","analyticsEventType":"select_promotion","analyticsEventPayload":{"promotion_id":"bunatatile-saptamanii-cw0923","promotion_name":"Oferta proaspătă a săptămânii"}},"discountLabel":"Economisești 12%","geniusDiscountLabel":null,"badge":null},{"code":"100150036","variantCode":"100150036","name":"Pizza cu șuncă și mozzarella 390g","slug":"100150036-tomi-pizza-cu-sunca-si-mozzarella-390g","unitPriceLabel":"69,21 Lei/kg","brand":"Tomi","brandCode":"260","brandFilterCode":"tomi-b261","sku":"100150036","price":26.99,"originalPrice":null,"currencyCode":"RON","currency":"Lei","image":{"thumbnail":{"default":"https://cdn.freshful.ro/media/cache/sylius_shop_product_thumbnail/46/e2/2088e5ed87dcc21986237d5eb637.jpg"},"large":{"default":"https://cdn.freshful.ro/media/cache/freshful_large/46/e2/2088e5ed87dcc21986237d5eb637.jpg"},"extralarge":{"default":"https://cdn.freshful.ro/media/cache/sylius_shop_product_original/46/e2/2088e5ed87dcc21986237d5eb637.jpg"}},"label":{"text":"-20% cu Genius","backgroundColor":"#FEF3FA","textColor":"#CD015F"},"tags":[{"type":"Frozen","text":"Congelat","icon":"https://cdn.freshful.ro/assets/product_tags/congelat.svg","iconPng":"https://cdn.freshful.ro/assets/product_tags/congelat.png","backgroundColor":"#EDF6FA","textColor":"#2E9AD1"}],"isAvailable":true,"maxAvailableQuantity":100,"maxAllowedQuantity":100,"breadcrumbs":[{"code":"6","name":"Înghețată & congelate","slug":"6-produse-congelate"},{"code":"603","name":"Semipreparate congelate","slug":"603-semipreparate-congelate"},{"code":"60301","name":"Pizza congelată","slug":"60301-pizza-congelata"},{"code":"100150036","name":"Pizza cu șuncă și mozzarella 390g","slug":"100150036-tomi-pizza-cu-sunca-si-mozzarella-390g"}],"activePromotion":null,"saveMe":null,"labels":[{"type":"gdeals","items":[{"text":"","backgroundColor":"","textColor":""}]},{"type":"v3","items":[{"text":"-20% cu Genius","backgroundColor":"#FEF3FA","textColor":"#CD015F"}]}],"geniusPrice":21.59,"geniusUnitPricePerLabel":"55,36 Lei/kg","banner":null,"discountLabel":null,"geniusDiscountLabel":"Economisești 20%","badge":null},{"code":"100136889","variantCode":"100136889","name":"Burger somon 2x100g","slug":"100136889-defish-burger-somon-2x100g","unitPriceLabel":"125,75 Lei/kg","brand":"DeFish","brandCode":"493","brandFilterCode":"defish-b494","sku":"100136889","price":25.15,"originalPrice":27.99,"currencyCode":"RON","currency":"Lei","image":{"thumbnail":{"default":"https://cdn.freshful.ro/media/cache/sylius_shop_product_thumbnail/52/17/bc114ba7d0695ae53fb4f129499b.jpg"},"large":{"default":"https://cdn.freshful.ro/media/cache/freshful_large/52/17/bc114ba7d0695ae53fb4f129499b.jpg"},"extralarge":{"default":"https://cdn.freshful.ro/media/cache/sylius_shop_product_original/52/17/bc114ba7d0695ae53fb4f129499b.jpg"}},"label":{"text":"-10%","backgroundColor":"#FF9903","textColor":"#FFFFFF"},"tags":[{"type":"Frozen","text":"Congelat","icon":"https://cdn.freshful.ro/assets/product_tags/congelat.svg","iconPng":"https://cdn.freshful.ro/assets/product_tags/congelat.png","backgroundColor":"#EDF6FA","textColor":"#2E9AD1"}],"isAvailable":true,"maxAvailableQuantity":6,"maxAllowedQuantity":100,"breadcrumbs":[{"code":"6","name":"Înghețată & congelate","slug":"6-produse-congelate"},{"code":"603","name":"Semipreparate congelate","slug":"603-semipreparate-congelate"},{"code":"60303","name":"Mâncare semipreparată congelată","slug":"60303-mancare-semipreparata-congelata"},{"code":"100136889","name":"Burger somon 2x100g","slug":"100136889-defish-burger-somon-2x100g"}],"activePromotion":{"code":"freshful-top-deals-2023","name":"Preț redus","targetQuantity":null},"saveMe":null,"labels":[{"type":"v1","items":[{"text":"-10%","backgroundColor":"#FF9903","textColor":"#FFFFFF"}]}],"geniusPrice":null,"geniusUnitPricePerLabel":null,"banner":{"text":"Super preț","textColor":"#FF0000","bgColor":"#FFF2EC","icon":null,"link":"https://www.freshful.ro/oferte/freshful-top-deals-2023","type":"promo","analyticsEventType":"select_promotion","analyticsEventPayload":{"promotion_id":"freshful-top-deals-2023","promotion_name":"Profită de Top Deals"}},"discountLabel":"Economisești 10%","geniusDiscountLabel":null,"badge":null},{"code":"100074853","variantCode":"100074853","name":"Fish nuggets 240g","slug":"100074853-frosta-fish-nuggets-240g","unitPriceLabel":"59,54 Lei/kg","brand":"Frosta","brandCode":"1030","brandFilterCode":"frosta-b1030","sku":"100074853","price":14.29,"originalPrice":16.49,"currencyCode":"RON","currency":"Lei","image":{"thumbnail":{"default":"https://cdn.freshful.ro/media/cache/sylius_shop_product_thumbnail/3b/6f/b11f2eaa0047e57c6437ec4860fe.jpg"},"large":{"default":"https://cdn.freshful.ro/media/cache/freshful_large/3b/6f/b11f2eaa0047e57c6437ec4860fe.jpg"},"extralarge":{"default":"https://cdn.freshful.ro/media/cache/sylius_shop_product_original/3b/6f/b11f2eaa0047e57c6437ec4860fe.jpg"}},"label":{"text":"-13%","backgroundColor":"#FF9903","textColor":"#FFFFFF"},"tags":[{"type":"Frozen","text":"Congelat","icon":"https://cdn.freshful.ro/assets/product_tags/congelat.svg","iconPng":"https://cdn.freshful.ro/assets/product_tags/congelat.png","backgroundColor":"#EDF6FA","textColor":"#2E9AD1"}],"isAvailable":true,"maxAvailableQuantity":13,"maxAllowedQuantity":100,"breadcrumbs":[{"code":"6","name":"Înghețată & congelate","slug":"6-produse-congelate"},{"code":"603","name":"Semipreparate congelate","slug":"603-semipreparate-congelate"},{"code":"60303","name":"Mâncare semipreparată congelată","slug":"60303-mancare-semipreparata-congelata"},{"code":"100074853","name":"Fish nuggets 240g","slug":"100074853-frosta-fish-nuggets-240g"}],"activePromotion":{"code":"freshful-top-deals-2023","name":"Preț redus","targetQuantity":null},"saveMe":null,"labels":[{"type":"v1","items":[{"text":"-13%","backgroundColor":"#FF9903","textColor":"#FFFFFF"}]}],"geniusPrice":null,"geniusUnitPricePerLabel":null,"banner":{"text":"Super preț","textColor":"#FF0000","bgColor":"#FFF2EC","icon":null,"link":"https://www.freshful.ro/oferte/freshful-top-deals-2023","type":"promo","analyticsEventType":"select_promotion","analyticsEventPayload":{"promotion_id":"freshful-top-deals-2023","promotion_name":"Profită de Top Deals"}},"discountLabel":"Economisești 13%","geniusDiscountLabel":null,"badge":null}]},{"analyticsListId":"category-slot_produse-lactate-congelate","analyticsListName":"Category Slot - Produse lactate congelate","type":"products_carousel","title":"Produse lactate congelate","link":{"title":"Mai multe","count":0,"url":"/c/6-produse-congelate/produse-lactate-congelate"},"products":[]}],"page":0,"limit":0,"pages":0,"count":0,"siblings":[],"children":[],"products":[],"filters":null,"orderBy":[],"metaTitle":"Înghețată & congelate - Gamă variată","metaDescription":"Vrei Înghețată & congelate? Alege dintr-o gamă variată. Comanzi simplu și ai livrare rapidă, calitate și prospețime. Hai pe Freshful.ro","metaKeywords":null,"banners":[]}}