{"type":"category","payload":{"analyticsListId":"category_7-bauturi-si-tutun","analyticsListName":"Category - Băuturi","name":"Băuturi","slug":"7-bauturi-si-tutun","image":null,"breadcrumbs":[{"code":"7","name":"Băuturi","slug":"7-bauturi-si-tutun"}],"slots":[{"analyticsListId":"category-slot_701-bauturi-necarbogazoase-si-siropuri","analyticsListName":"Category Slot - Băuturi necarbogazoase și siropuri","type":"products_carousel","title":"Băuturi necarbogazoase și siropuri","link":{"title":"Mai multe","count":273,"url":"/c/7-bauturi-si-tutun/701-bauturi-necarbogazoase-si-siropuri"},"products":[{"code":"100002732","variantCode":"5449000236036","name":"Ceai verde lime și mentă 1.5l","slug":"100002732-fuzetea-ceai-verde-lime-si-menta-1-5l","unitPriceLabel":"3,59 Lei/l","brand":"Fuzetea","brandCode":"280","brandFilterCode":"fuzetea-b281","sku":"100002732","price":5.39,"originalPrice":null,"currencyCode":"RON","currency":"Lei","image":{"thumbnail":{"default":"https://cdn.freshful.ro/media/cache/sylius_shop_product_thumbnail/83/63/d85d99510459612a57a9218dc100.jpg"},"large":{"default":"https://cdn.freshful.ro/media/cache/freshful_large/83/63/d85d99510459612a57a9218dc100.jpg"},"extralarge":{"default":"https://cdn.freshful.ro/media/cache/sylius_shop_product_original/83/63/d85d99510459612a57a9218dc100.jpg"}},"label":{"text":"Profită acum","backgroundColor":"#FF9903","textColor":"#FFFFFF"},"tags":[],"isAvailable":true,"maxAvailableQuantity":24,"maxAllowedQuantity":24,"breadcrumbs":[{"code":"7","name":"Băuturi","slug":"7-bauturi-si-tutun"},{"code":"701","name":"Băuturi necarbogazoase și siropuri","slug":"701-bauturi-necarbogazoase-si-siropuri"},{"code":"70104","name":"Ice Tea","slug":"ice-tea"},{"code":"100002732","name":"Ceai verde lime și mentă 1.5l","slug":"100002732-fuzetea-ceai-verde-lime-si-menta-1-5l"}],"activePromotion":{"code":"oferte-bacanie-bauturi-21feb-8mar23","name":"Preț avantajos","targetQuantity":null},"saveMe":null,"labels":[{"type":"v1","items":[{"text":"Profită acum","backgroundColor":"#FF9903","textColor":"#FFFFFF"}]}],"geniusPrice":null,"geniusUnitPricePerLabel":null,"banner":{"text":"Preț avantajos","textColor":"#F95510","bgColor":"#FEF1CD","icon":null,"link":"https://www.freshful.ro/oferte/oferte-bacanie-bauturi-21feb-8mar23","type":"promo","analyticsEventType":"select_promotion","analyticsEventPayload":{"promotion_id":"oferte-bacanie-bauturi-21feb-8mar23","promotion_name":"Cămara cu băuturi și bunătăți"}},"discountLabel":null,"geniusDiscountLabel":null,"badge":null},{"code":"100043997","variantCode":"100043997","name":"Suc de portocale roșii 2l","slug":"100043997-pfanner-suc-de-portocale-rosii-2l","unitPriceLabel":"6 Lei/l","brand":"Pfanner","brandCode":"777","brandFilterCode":"pfanner-b778","sku":"100043997","price":11.99,"originalPrice":null,"currencyCode":"RON","currency":"Lei","image":{"thumbnail":{"default":"https://cdn.freshful.ro/media/cache/sylius_shop_product_thumbnail/e4/65/0f38d36c23fd72a77359762f1404.jpg"},"large":{"default":"https://cdn.freshful.ro/media/cache/freshful_large/e4/65/0f38d36c23fd72a77359762f1404.jpg"},"extralarge":{"default":"https://cdn.freshful.ro/media/cache/sylius_shop_product_original/e4/65/0f38d36c23fd72a77359762f1404.jpg"}},"label":{"text":"Profită acum","backgroundColor":"#FF9903","textColor":"#FFFFFF"},"tags":[],"isAvailable":true,"maxAvailableQuantity":24,"maxAllowedQuantity":24,"breadcrumbs":[{"code":"7","name":"Băuturi","slug":"7-bauturi-si-tutun"},{"code":"701","name":"Băuturi necarbogazoase și siropuri","slug":"701-bauturi-necarbogazoase-si-siropuri"},{"code":"70102","name":"Băuturi fructate necarbogazoase","slug":"70102-bauturi-fructate-necarbogazoase"},{"code":"100043997","name":"Suc de portocale roșii 2l","slug":"100043997-pfanner-suc-de-portocale-rosii-2l"}],"activePromotion":{"code":"superpreturile-saptamanii","name":"Preț avantajos","targetQuantity":null},"saveMe":null,"labels":[{"type":"v1","items":[{"text":"Profită acum","backgroundColor":"#FF9903","textColor":"#FFFFFF"}]}],"geniusPrice":null,"geniusUnitPricePerLabel":null,"banner":{"text":"Preț avantajos","textColor":"#F95510","bgColor":"#FEF1CD","icon":null,"link":"https://www.freshful.ro/oferte/superpreturile-saptamanii","type":"promo","analyticsEventType":"select_promotion","analyticsEventPayload":{"promotion_id":"superpreturile-saptamanii","promotion_name":"Superprețurile zilei"}},"discountLabel":null,"geniusDiscountLabel":null,"badge":null},{"code":"100046413","variantCode":"100046413","name":"Ice Tea zmeură 1.5l","slug":"100046413-lipton-ice-tea-zmeura-1-5l","unitPriceLabel":"3,33 Lei/l","brand":"Lipton","brandCode":"141","brandFilterCode":"lipton-b125","sku":"100046413","price":4.99,"originalPrice":5.47,"currencyCode":"RON","currency":"Lei","image":{"thumbnail":{"default":"https://cdn.freshful.ro/media/cache/sylius_shop_product_thumbnail/12/75/fb5f8a6dfa21e126f8acf017fc39.jpg"},"large":{"default":"https://cdn.freshful.ro/media/cache/freshful_large/12/75/fb5f8a6dfa21e126f8acf017fc39.jpg"},"extralarge":{"default":"https://cdn.freshful.ro/media/cache/sylius_shop_product_original/12/75/fb5f8a6dfa21e126f8acf017fc39.jpg"}},"label":{"text":"-8%","backgroundColor":"#FF9903","textColor":"#FFFFFF"},"tags":[{"type":"NoPreservatives","text":"Fara conservanti","icon":"https://cdn.freshful.ro/assets/product_tags/fara_conservanti.svg","iconPng":"https://cdn.freshful.ro/assets/product_tags/fara_conservanti.png","backgroundColor":"#F0F2FF","textColor":"#7889DD"}],"isAvailable":true,"maxAvailableQuantity":24,"maxAllowedQuantity":24,"breadcrumbs":[{"code":"7","name":"Băuturi","slug":"7-bauturi-si-tutun"},{"code":"701","name":"Băuturi necarbogazoase și siropuri","slug":"701-bauturi-necarbogazoase-si-siropuri"},{"code":"70104","name":"Ice Tea","slug":"ice-tea"},{"code":"100046413","name":"Ice Tea zmeură 1.5l","slug":"100046413-lipton-ice-tea-zmeura-1-5l"}],"activePromotion":{"code":"oferte-bacanie-bauturi-21feb-8mar23","name":"Preț redus","targetQuantity":null},"saveMe":null,"labels":[{"type":"v1","items":[{"text":"-8%","backgroundColor":"#FF9903","textColor":"#FFFFFF"}]}],"geniusPrice":null,"geniusUnitPricePerLabel":null,"banner":{"text":"Super preț","textColor":"#FF0000","bgColor":"#FFF2EC","icon":null,"link":"https://www.freshful.ro/oferte/oferte-bacanie-bauturi-21feb-8mar23","type":"promo","analyticsEventType":"select_promotion","analyticsEventPayload":{"promotion_id":"oferte-bacanie-bauturi-21feb-8mar23","promotion_name":"Cămara cu băuturi și bunătăți"}},"discountLabel":"Economisești 8%","geniusDiscountLabel":null,"badge":null},{"code":"100046405","variantCode":"100046405","name":"Ice Tea cu ceai verde 1.5l","slug":"100046405-lipton-ice-tea-cu-ceai-verde-1-5l","unitPriceLabel":"3,33 Lei/l","brand":"Lipton","brandCode":"141","brandFilterCode":"lipton-b125","sku":"100046405","price":4.99,"originalPrice":5.47,"currencyCode":"RON","currency":"Lei","image":{"thumbnail":{"default":"https://cdn.freshful.ro/media/cache/sylius_shop_product_thumbnail/51/35/ea25a8ed466bf28eb72250638203.jpg"},"large":{"default":"https://cdn.freshful.ro/media/cache/freshful_large/51/35/ea25a8ed466bf28eb72250638203.jpg"},"extralarge":{"default":"https://cdn.freshful.ro/media/cache/sylius_shop_product_original/51/35/ea25a8ed466bf28eb72250638203.jpg"}},"label":{"text":"-8%","backgroundColor":"#FF9903","textColor":"#FFFFFF"},"tags":[{"type":"NoPreservatives","text":"Fara conservanti","icon":"https://cdn.freshful.ro/assets/product_tags/fara_conservanti.svg","iconPng":"https://cdn.freshful.ro/assets/product_tags/fara_conservanti.png","backgroundColor":"#F0F2FF","textColor":"#7889DD"}],"isAvailable":true,"maxAvailableQuantity":24,"maxAllowedQuantity":24,"breadcrumbs":[{"code":"7","name":"Băuturi","slug":"7-bauturi-si-tutun"},{"code":"701","name":"Băuturi necarbogazoase și siropuri","slug":"701-bauturi-necarbogazoase-si-siropuri"},{"code":"70104","name":"Ice Tea","slug":"ice-tea"},{"code":"100046405","name":"Ice Tea cu ceai verde 1.5l","slug":"100046405-lipton-ice-tea-cu-ceai-verde-1-5l"}],"activePromotion":{"code":"oferte-bacanie-bauturi-21feb-8mar23","name":"Preț redus","targetQuantity":null},"saveMe":null,"labels":[{"type":"v1","items":[{"text":"-8%","backgroundColor":"#FF9903","textColor":"#FFFFFF"}]}],"geniusPrice":null,"geniusUnitPricePerLabel":null,"banner":{"text":"Super preț","textColor":"#FF0000","bgColor":"#FFF2EC","icon":null,"link":"https://www.freshful.ro/oferte/oferte-bacanie-bauturi-21feb-8mar23","type":"promo","analyticsEventType":"select_promotion","analyticsEventPayload":{"promotion_id":"oferte-bacanie-bauturi-21feb-8mar23","promotion_name":"Cămara cu băuturi și bunătăți"}},"discountLabel":"Economisești 8%","geniusDiscountLabel":null,"badge":null},{"code":"100002730","variantCode":"5449000216335","name":"Ceai negru mango și ananas 1.5l","slug":"100002730-fuzetea-ceai-negru-mango-si-ananas-1-5l","unitPriceLabel":"3,59 Lei/l","brand":"Fuzetea","brandCode":"280","brandFilterCode":"fuzetea-b281","sku":"100002730","price":5.39,"originalPrice":null,"currencyCode":"RON","currency":"Lei","image":{"thumbnail":{"default":"https://cdn.freshful.ro/media/cache/sylius_shop_product_thumbnail/a1/e1/f07829d5ed8e01f0b2599f31e0bf.jpg"},"large":{"default":"https://cdn.freshful.ro/media/cache/freshful_large/a1/e1/f07829d5ed8e01f0b2599f31e0bf.jpg"},"extralarge":{"default":"https://cdn.freshful.ro/media/cache/sylius_shop_product_original/a1/e1/f07829d5ed8e01f0b2599f31e0bf.jpg"}},"label":{"text":"Profită acum","backgroundColor":"#FF9903","textColor":"#FFFFFF"},"tags":[],"isAvailable":true,"maxAvailableQuantity":24,"maxAllowedQuantity":24,"breadcrumbs":[{"code":"7","name":"Băuturi","slug":"7-bauturi-si-tutun"},{"code":"701","name":"Băuturi necarbogazoase și siropuri","slug":"701-bauturi-necarbogazoase-si-siropuri"},{"code":"70104","name":"Ice Tea","slug":"ice-tea"},{"code":"100002730","name":"Ceai negru mango și ananas 1.5l","slug":"100002730-fuzetea-ceai-negru-mango-si-ananas-1-5l"}],"activePromotion":{"code":"oferte-bacanie-bauturi-21feb-8mar23","name":"Preț avantajos","targetQuantity":null},"saveMe":null,"labels":[{"type":"v1","items":[{"text":"Profită acum","backgroundColor":"#FF9903","textColor":"#FFFFFF"}]}],"geniusPrice":null,"geniusUnitPricePerLabel":null,"banner":{"text":"Preț avantajos","textColor":"#F95510","bgColor":"#FEF1CD","icon":null,"link":"https://www.freshful.ro/oferte/oferte-bacanie-bauturi-21feb-8mar23","type":"promo","analyticsEventType":"select_promotion","analyticsEventPayload":{"promotion_id":"oferte-bacanie-bauturi-21feb-8mar23","promotion_name":"Cămara cu băuturi și bunătăți"}},"discountLabel":null,"geniusDiscountLabel":null,"badge":null},{"code":"100046407","variantCode":"100046407","name":"Ice Tea lămâie 1.5l","slug":"100046407-lipton-ice-tea-lamaie-1-5l","unitPriceLabel":"3,33 Lei/l","brand":"Lipton","brandCode":"141","brandFilterCode":"lipton-b125","sku":"100046407","price":4.99,"originalPrice":5.47,"currencyCode":"RON","currency":"Lei","image":{"thumbnail":{"default":"https://cdn.freshful.ro/media/cache/sylius_shop_product_thumbnail/4b/26/f2f07f587060ea268bdaca6077fc.jpg"},"large":{"default":"https://cdn.freshful.ro/media/cache/freshful_large/4b/26/f2f07f587060ea268bdaca6077fc.jpg"},"extralarge":{"default":"https://cdn.freshful.ro/media/cache/sylius_shop_product_original/4b/26/f2f07f587060ea268bdaca6077fc.jpg"}},"label":{"text":"-8%","backgroundColor":"#FF9903","textColor":"#FFFFFF"},"tags":[{"type":"NoPreservatives","text":"Fara conservanti","icon":"https://cdn.freshful.ro/assets/product_tags/fara_conservanti.svg","iconPng":"https://cdn.freshful.ro/assets/product_tags/fara_conservanti.png","backgroundColor":"#F0F2FF","textColor":"#7889DD"}],"isAvailable":true,"maxAvailableQuantity":24,"maxAllowedQuantity":24,"breadcrumbs":[{"code":"7","name":"Băuturi","slug":"7-bauturi-si-tutun"},{"code":"701","name":"Băuturi necarbogazoase și siropuri","slug":"701-bauturi-necarbogazoase-si-siropuri"},{"code":"70104","name":"Ice Tea","slug":"ice-tea"},{"code":"100046407","name":"Ice Tea lămâie 1.5l","slug":"100046407-lipton-ice-tea-lamaie-1-5l"}],"activePromotion":{"code":"oferte-bacanie-bauturi-21feb-8mar23","name":"Preț redus","targetQuantity":null},"saveMe":null,"labels":[{"type":"v1","items":[{"text":"-8%","backgroundColor":"#FF9903","textColor":"#FFFFFF"}]}],"geniusPrice":null,"geniusUnitPricePerLabel":null,"banner":{"text":"Super preț","textColor":"#FF0000","bgColor":"#FFF2EC","icon":null,"link":"https://www.freshful.ro/oferte/oferte-bacanie-bauturi-21feb-8mar23","type":"promo","analyticsEventType":"select_promotion","analyticsEventPayload":{"promotion_id":"oferte-bacanie-bauturi-21feb-8mar23","promotion_name":"Cămara cu băuturi și bunătăți"}},"discountLabel":"Economisești 8%","geniusDiscountLabel":null,"badge":null},{"code":"100046411","variantCode":"100046411","name":"Ice Tea piersici 1.5l","slug":"100046411-lipton-ice-tea-piersici-1-5l","unitPriceLabel":"3,33 Lei/l","brand":"Lipton","brandCode":"141","brandFilterCode":"lipton-b125","sku":"100046411","price":4.99,"originalPrice":5.47,"currencyCode":"RON","currency":"Lei","image":{"thumbnail":{"default":"https://cdn.freshful.ro/media/cache/sylius_shop_product_thumbnail/e8/09/c7cd821960d9e862f640e059c83f.jpg"},"large":{"default":"https://cdn.freshful.ro/media/cache/freshful_large/e8/09/c7cd821960d9e862f640e059c83f.jpg"},"extralarge":{"default":"https://cdn.freshful.ro/media/cache/sylius_shop_product_original/e8/09/c7cd821960d9e862f640e059c83f.jpg"}},"label":{"text":"-8%","backgroundColor":"#FF9903","textColor":"#FFFFFF"},"tags":[{"type":"NoPreservatives","text":"Fara conservanti","icon":"https://cdn.freshful.ro/assets/product_tags/fara_conservanti.svg","iconPng":"https://cdn.freshful.ro/assets/product_tags/fara_conservanti.png","backgroundColor":"#F0F2FF","textColor":"#7889DD"}],"isAvailable":true,"maxAvailableQuantity":24,"maxAllowedQuantity":24,"breadcrumbs":[{"code":"7","name":"Băuturi","slug":"7-bauturi-si-tutun"},{"code":"701","name":"Băuturi necarbogazoase și siropuri","slug":"701-bauturi-necarbogazoase-si-siropuri"},{"code":"70104","name":"Ice Tea","slug":"ice-tea"},{"code":"100046411","name":"Ice Tea piersici 1.5l","slug":"100046411-lipton-ice-tea-piersici-1-5l"}],"activePromotion":{"code":"oferte-bacanie-bauturi-21feb-8mar23","name":"Preț redus","targetQuantity":null},"saveMe":null,"labels":[{"type":"v1","items":[{"text":"-8%","backgroundColor":"#FF9903","textColor":"#FFFFFF"}]}],"geniusPrice":null,"geniusUnitPricePerLabel":null,"banner":{"text":"Super preț","textColor":"#FF0000","bgColor":"#FFF2EC","icon":null,"link":"https://www.freshful.ro/oferte/oferte-bacanie-bauturi-21feb-8mar23","type":"promo","analyticsEventType":"select_promotion","analyticsEventPayload":{"promotion_id":"oferte-bacanie-bauturi-21feb-8mar23","promotion_name":"Cămara cu băuturi și bunătăți"}},"discountLabel":"Economisești 8%","geniusDiscountLabel":null,"badge":null},{"code":"100046409","variantCode":"100046409","name":"Ice Tea mure, merișoare, zmeură 1.5l","slug":"100046409-lipton-ice-tea-mure-merisoare-zmeura-1-5l","unitPriceLabel":"3,33 Lei/l","brand":"Lipton","brandCode":"141","brandFilterCode":"lipton-b125","sku":"100046409","price":4.99,"originalPrice":5.47,"currencyCode":"RON","currency":"Lei","image":{"thumbnail":{"default":"https://cdn.freshful.ro/media/cache/sylius_shop_product_thumbnail/b8/0d/ac2dd9e03d4de21a83722389156e.jpg"},"large":{"default":"https://cdn.freshful.ro/media/cache/freshful_large/b8/0d/ac2dd9e03d4de21a83722389156e.jpg"},"extralarge":{"default":"https://cdn.freshful.ro/media/cache/sylius_shop_product_original/b8/0d/ac2dd9e03d4de21a83722389156e.jpg"}},"label":{"text":"-8%","backgroundColor":"#FF9903","textColor":"#FFFFFF"},"tags":[{"type":"NoPreservatives","text":"Fara conservanti","icon":"https://cdn.freshful.ro/assets/product_tags/fara_conservanti.svg","iconPng":"https://cdn.freshful.ro/assets/product_tags/fara_conservanti.png","backgroundColor":"#F0F2FF","textColor":"#7889DD"}],"isAvailable":true,"maxAvailableQuantity":24,"maxAllowedQuantity":24,"breadcrumbs":[{"code":"7","name":"Băuturi","slug":"7-bauturi-si-tutun"},{"code":"701","name":"Băuturi necarbogazoase și siropuri","slug":"701-bauturi-necarbogazoase-si-siropuri"},{"code":"70104","name":"Ice Tea","slug":"ice-tea"},{"code":"100046409","name":"Ice Tea mure, merișoare, zmeură 1.5l","slug":"100046409-lipton-ice-tea-mure-merisoare-zmeura-1-5l"}],"activePromotion":{"code":"oferte-bacanie-bauturi-21feb-8mar23","name":"Preț redus","targetQuantity":null},"saveMe":null,"labels":[{"type":"v1","items":[{"text":"-8%","backgroundColor":"#FF9903","textColor":"#FFFFFF"}]}],"geniusPrice":null,"geniusUnitPricePerLabel":null,"banner":{"text":"Super preț","textColor":"#FF0000","bgColor":"#FFF2EC","icon":null,"link":"https://www.freshful.ro/oferte/oferte-bacanie-bauturi-21feb-8mar23","type":"promo","analyticsEventType":"select_promotion","analyticsEventPayload":{"promotion_id":"oferte-bacanie-bauturi-21feb-8mar23","promotion_name":"Cămara cu băuturi și bunătăți"}},"discountLabel":"Economisești 8%","geniusDiscountLabel":null,"badge":null},{"code":"100071797","variantCode":"100071797","name":"Suc de legume eco 500ml","slug":"100071797-dennree-suc-de-legume-eco-500ml","unitPriceLabel":"11,98 Lei/l","brand":"Dennree","brandCode":"1152","brandFilterCode":"dennree-b1153","sku":"100071797","price":5.99,"originalPrice":null,"currencyCode":"RON","currency":"Lei","image":{"thumbnail":{"default":"https://cdn.freshful.ro/media/cache/sylius_shop_product_thumbnail/2d/7d/164f3b192debd7f94c6b5ec7c6bf.jpg"},"large":{"default":"https://cdn.freshful.ro/media/cache/freshful_large/2d/7d/164f3b192debd7f94c6b5ec7c6bf.jpg"},"extralarge":{"default":"https://cdn.freshful.ro/media/cache/sylius_shop_product_original/2d/7d/164f3b192debd7f94c6b5ec7c6bf.jpg"}},"label":{"text":"Profită acum","backgroundColor":"#FF9903","textColor":"#FFFFFF"},"tags":[{"type":"Eco","text":"Eco","icon":"https://cdn.freshful.ro/assets/product_tags/eco.svg","iconPng":"https://cdn.freshful.ro/assets/product_tags/eco.png","backgroundColor":"#EFFBE4","textColor":"#66BB1B"}],"isAvailable":true,"maxAvailableQuantity":24,"maxAllowedQuantity":24,"breadcrumbs":[{"code":"7","name":"Băuturi","slug":"7-bauturi-si-tutun"},{"code":"701","name":"Băuturi necarbogazoase și siropuri","slug":"701-bauturi-necarbogazoase-si-siropuri"},{"code":"70101","name":"Sucuri și nectaruri","slug":"70101-sucuri-si-nectar"},{"code":"100071797","name":"Suc de legume eco 500ml","slug":"100071797-dennree-suc-de-legume-eco-500ml"}],"activePromotion":{"code":"special-produse-vegane-mar23","name":"Preț avantajos","targetQuantity":null},"saveMe":null,"labels":[{"type":"v1","items":[{"text":"Profită acum","backgroundColor":"#FF9903","textColor":"#FFFFFF"}]}],"geniusPrice":null,"geniusUnitPricePerLabel":null,"banner":{"text":"Preț avantajos","textColor":"#F95510","bgColor":"#FEF1CD","icon":null,"link":"https://www.freshful.ro/oferte/special-produse-vegane-mar23","type":"promo","analyticsEventType":"select_promotion","analyticsEventPayload":{"promotion_id":"special-produse-vegane-mar23","promotion_name":"Și bun, și de post"}},"discountLabel":null,"geniusDiscountLabel":null,"badge":null},{"code":"100101500","variantCode":"100101500","name":"Băutură racoritoare ecologică funcțională de cătină 250ml","slug":"100101500-yugo-bautura-racoritoare-ecologica-functionala-de-catina-250ml","unitPriceLabel":"39,96 Lei/l","brand":"Yugo","brandCode":"1690","brandFilterCode":"yugo-b1693","sku":"100101500","price":9.99,"originalPrice":null,"currencyCode":"RON","currency":"Lei","image":{"thumbnail":{"default":"https://cdn.freshful.ro/media/cache/sylius_shop_product_thumbnail/44/d9/67b37ac046e053c95b7434790d6a.jpg"},"large":{"default":"https://cdn.freshful.ro/media/cache/freshful_large/44/d9/67b37ac046e053c95b7434790d6a.jpg"},"extralarge":{"default":"https://cdn.freshful.ro/media/cache/sylius_shop_product_original/44/d9/67b37ac046e053c95b7434790d6a.jpg"}},"label":{"text":"Profită acum","backgroundColor":"#FF9903","textColor":"#FFFFFF"},"tags":[{"type":"Eco","text":"Eco","icon":"https://cdn.freshful.ro/assets/product_tags/eco.svg","iconPng":"https://cdn.freshful.ro/assets/product_tags/eco.png","backgroundColor":"#EFFBE4","textColor":"#66BB1B"}],"isAvailable":true,"maxAvailableQuantity":24,"maxAllowedQuantity":24,"breadcrumbs":[{"code":"7","name":"Băuturi","slug":"7-bauturi-si-tutun"},{"code":"701","name":"Băuturi necarbogazoase și siropuri","slug":"701-bauturi-necarbogazoase-si-siropuri"},{"code":"70102","name":"Băuturi fructate necarbogazoase","slug":"70102-bauturi-fructate-necarbogazoase"},{"code":"100101500","name":"Băutură racoritoare ecologică funcțională de cătină 250ml","slug":"100101500-yugo-bautura-racoritoare-ecologica-functionala-de-catina-250ml"}],"activePromotion":{"code":"special-produse-vegane-mar23","name":"Preț avantajos","targetQuantity":null},"saveMe":null,"labels":[{"type":"v1","items":[{"text":"Profită acum","backgroundColor":"#FF9903","textColor":"#FFFFFF"}]}],"geniusPrice":null,"geniusUnitPricePerLabel":null,"banner":{"text":"Preț avantajos","textColor":"#F95510","bgColor":"#FEF1CD","icon":null,"link":"https://www.freshful.ro/oferte/special-produse-vegane-mar23","type":"promo","analyticsEventType":"select_promotion","analyticsEventPayload":{"promotion_id":"special-produse-vegane-mar23","promotion_name":"Și bun, și de post"}},"discountLabel":null,"geniusDiscountLabel":null,"badge":null}]},{"analyticsListId":"category-slot_702-apa","analyticsListName":"Category Slot - Apă","type":"products_carousel","title":"Apă","link":{"title":"Mai multe","count":86,"url":"/c/7-bauturi-si-tutun/702-apa"},"products":[{"code":"100137851","variantCode":"100137851","name":"Apă minerală naturală plată 2l","slug":"100137851-aquatique-apa-minerala-naturala-plata-2l","unitPriceLabel":"1,2 Lei/l","brand":"Aquatique","brandCode":"2624","brandFilterCode":"aquatique-b2629","sku":"100137851","price":2.39,"originalPrice":null,"currencyCode":"RON","currency":"Lei","image":{"thumbnail":{"default":"https://cdn.freshful.ro/media/cache/sylius_shop_product_thumbnail/04/fe/c6fb03cf1ea7d8b315b9d74da447.jpg"},"large":{"default":"https://cdn.freshful.ro/media/cache/freshful_large/04/fe/c6fb03cf1ea7d8b315b9d74da447.jpg"},"extralarge":{"default":"https://cdn.freshful.ro/media/cache/sylius_shop_product_original/04/fe/c6fb03cf1ea7d8b315b9d74da447.jpg"}},"label":null,"tags":[],"isAvailable":true,"maxAvailableQuantity":24,"maxAllowedQuantity":24,"breadcrumbs":[{"code":"7","name":"Băuturi","slug":"7-bauturi-si-tutun"},{"code":"702","name":"Apă","slug":"702-apa"},{"code":"70201","name":"Apă plată","slug":"70201-apa-plata"},{"code":"100137851","name":"Apă minerală naturală plată 2l","slug":"100137851-aquatique-apa-minerala-naturala-plata-2l"}],"activePromotion":null,"saveMe":null,"labels":[],"geniusPrice":null,"geniusUnitPricePerLabel":null,"banner":null,"discountLabel":null,"geniusDiscountLabel":null,"badge":null},{"code":"100075084","variantCode":"100075084","name":"Apă minerală naturală necarbogazoasă 2l","slug":"100075084-aqua-carpatica-apa-minerala-naturala-necarbogazoasa-2l","unitPriceLabel":"1,85 Lei/l","brand":"Aqua Carpatica","brandCode":"1122","brandFilterCode":"aqua-carpatica-b1123","sku":"100075084","price":3.69,"originalPrice":null,"currencyCode":"RON","currency":"Lei","image":{"thumbnail":{"default":"https://cdn.freshful.ro/media/cache/sylius_shop_product_thumbnail/e0/72/291fa2e04e630c412d3cf794a9d5.jpg"},"large":{"default":"https://cdn.freshful.ro/media/cache/freshful_large/e0/72/291fa2e04e630c412d3cf794a9d5.jpg"},"extralarge":{"default":"https://cdn.freshful.ro/media/cache/sylius_shop_product_original/e0/72/291fa2e04e630c412d3cf794a9d5.jpg"}},"label":null,"tags":[],"isAvailable":true,"maxAvailableQuantity":24,"maxAllowedQuantity":24,"breadcrumbs":[{"code":"7","name":"Băuturi","slug":"7-bauturi-si-tutun"},{"code":"702","name":"Apă","slug":"702-apa"},{"code":"70201","name":"Apă plată","slug":"70201-apa-plata"},{"code":"100075084","name":"Apă minerală naturală necarbogazoasă 2l","slug":"100075084-aqua-carpatica-apa-minerala-naturala-necarbogazoasa-2l"}],"activePromotion":null,"saveMe":null,"labels":[],"geniusPrice":null,"geniusUnitPricePerLabel":null,"banner":null,"discountLabel":null,"geniusDiscountLabel":null,"badge":null},{"code":"100137844","variantCode":"100137844","name":"Apă minerală naturală natural carbogazoasă 1.5l","slug":"100137844-borsec-apa-minerala-naturala-natural-carbogazoasa-1-5l","unitPriceLabel":"1,73 Lei/l","brand":"Borsec","brandCode":"2622","brandFilterCode":"borsec-b2627","sku":"100137844","price":2.6,"originalPrice":null,"currencyCode":"RON","currency":"Lei","image":{"thumbnail":{"default":"https://cdn.freshful.ro/media/cache/sylius_shop_product_thumbnail/ec/32/fbfffd35265a14865c72a8027f52.jpg"},"large":{"default":"https://cdn.freshful.ro/media/cache/freshful_large/ec/32/fbfffd35265a14865c72a8027f52.jpg"},"extralarge":{"default":"https://cdn.freshful.ro/media/cache/sylius_shop_product_original/ec/32/fbfffd35265a14865c72a8027f52.jpg"}},"label":null,"tags":[],"isAvailable":true,"maxAvailableQuantity":24,"maxAllowedQuantity":24,"breadcrumbs":[{"code":"7","name":"Băuturi","slug":"7-bauturi-si-tutun"},{"code":"702","name":"Apă","slug":"702-apa"},{"code":"70202","name":"Apă carbogazoasă","slug":"70202-apa-carbogazoasa"},{"code":"100137844","name":"Apă minerală naturală natural carbogazoasă 1.5l","slug":"100137844-borsec-apa-minerala-naturala-natural-carbogazoasa-1-5l"}],"activePromotion":null,"saveMe":null,"labels":[],"geniusPrice":null,"geniusUnitPricePerLabel":null,"banner":null,"discountLabel":null,"geniusDiscountLabel":null,"badge":null},{"code":"100137847","variantCode":"100137847","name":"Apă minerală naturală plată 2l","slug":"100137847-borsec-apa-minerala-naturala-plata-2l","unitPriceLabel":"1,48 Lei/l","brand":"Borsec","brandCode":"2622","brandFilterCode":"borsec-b2627","sku":"100137847","price":2.95,"originalPrice":null,"currencyCode":"RON","currency":"Lei","image":{"thumbnail":{"default":"https://cdn.freshful.ro/media/cache/sylius_shop_product_thumbnail/af/0c/bc08455123dc70761e062d04152f.jpg"},"large":{"default":"https://cdn.freshful.ro/media/cache/freshful_large/af/0c/bc08455123dc70761e062d04152f.jpg"},"extralarge":{"default":"https://cdn.freshful.ro/media/cache/sylius_shop_product_original/af/0c/bc08455123dc70761e062d04152f.jpg"}},"label":null,"tags":[],"isAvailable":true,"maxAvailableQuantity":24,"maxAllowedQuantity":24,"breadcrumbs":[{"code":"7","name":"Băuturi","slug":"7-bauturi-si-tutun"},{"code":"702","name":"Apă","slug":"702-apa"},{"code":"70201","name":"Apă plată","slug":"70201-apa-plata"},{"code":"100137847","name":"Apă minerală naturală plată 2l","slug":"100137847-borsec-apa-minerala-naturala-plata-2l"}],"activePromotion":null,"saveMe":null,"labels":[],"geniusPrice":null,"geniusUnitPricePerLabel":null,"banner":null,"discountLabel":null,"geniusDiscountLabel":null,"badge":null},{"code":"100043518","variantCode":"100043518","name":"Apă minerală naturală plată 2l","slug":"100043518-bucovina-apa-minerala-naturala-plata-2l","unitPriceLabel":"1,8 Lei/l","brand":"Bucovina","brandCode":"447","brandFilterCode":"bucovina-b448","sku":"100043518","price":3.6,"originalPrice":null,"currencyCode":"RON","currency":"Lei","image":{"thumbnail":{"default":"https://cdn.freshful.ro/media/cache/sylius_shop_product_thumbnail/0d/5f/29dba2525a1a6c48227df88c8806.jpg"},"large":{"default":"https://cdn.freshful.ro/media/cache/freshful_large/0d/5f/29dba2525a1a6c48227df88c8806.jpg"},"extralarge":{"default":"https://cdn.freshful.ro/media/cache/sylius_shop_product_original/0d/5f/29dba2525a1a6c48227df88c8806.jpg"}},"label":null,"tags":[],"isAvailable":true,"maxAvailableQuantity":24,"maxAllowedQuantity":24,"breadcrumbs":[{"code":"7","name":"Băuturi","slug":"7-bauturi-si-tutun"},{"code":"702","name":"Apă","slug":"702-apa"},{"code":"70201","name":"Apă plată","slug":"70201-apa-plata"},{"code":"100043518","name":"Apă minerală naturală plată 2l","slug":"100043518-bucovina-apa-minerala-naturala-plata-2l"}],"activePromotion":null,"saveMe":null,"labels":[],"geniusPrice":null,"geniusUnitPricePerLabel":null,"banner":null,"discountLabel":null,"geniusDiscountLabel":null,"badge":null},{"code":"100133032","variantCode":"100133032","name":"Apă minerală naturală necarbogazoasă 5l","slug":"100133032-aqua-carpatica-apa-minerala-naturala-necarbogazoasa-5l","unitPriceLabel":"1,52 Lei/l","brand":"Aqua Carpatica","brandCode":"1122","brandFilterCode":"aqua-carpatica-b1123","sku":"100133032","price":7.59,"originalPrice":null,"currencyCode":"RON","currency":"Lei","image":{"thumbnail":{"default":"https://cdn.freshful.ro/media/cache/sylius_shop_product_thumbnail/40/10/f52c53e8f062ff7552779efe4db3.jpg"},"large":{"default":"https://cdn.freshful.ro/media/cache/freshful_large/40/10/f52c53e8f062ff7552779efe4db3.jpg"},"extralarge":{"default":"https://cdn.freshful.ro/media/cache/sylius_shop_product_original/40/10/f52c53e8f062ff7552779efe4db3.jpg"}},"label":null,"tags":[],"isAvailable":true,"maxAvailableQuantity":24,"maxAllowedQuantity":24,"breadcrumbs":[{"code":"7","name":"Băuturi","slug":"7-bauturi-si-tutun"},{"code":"702","name":"Apă","slug":"702-apa"},{"code":"70201","name":"Apă plată","slug":"70201-apa-plata"},{"code":"100133032","name":"Apă minerală naturală necarbogazoasă 5l","slug":"100133032-aqua-carpatica-apa-minerala-naturala-necarbogazoasa-5l"}],"activePromotion":null,"saveMe":null,"labels":[],"geniusPrice":null,"geniusUnitPricePerLabel":null,"banner":null,"discountLabel":null,"geniusDiscountLabel":null,"badge":null},{"code":"100075080","variantCode":"100075080","name":"Apă minerală naturală necarbogazoasă 250ml","slug":"100075080-aqua-carpatica-apa-minerala-naturala-necarbogazoasa-250ml","unitPriceLabel":"9,48 Lei/l","brand":"Aqua Carpatica","brandCode":"1122","brandFilterCode":"aqua-carpatica-b1123","sku":"100075080","price":2.37,"originalPrice":null,"currencyCode":"RON","currency":"Lei","image":{"thumbnail":{"default":"https://cdn.freshful.ro/media/cache/sylius_shop_product_thumbnail/3f/e9/5e0f4ba83b66b8ff97408ec620ed.jpg"},"large":{"default":"https://cdn.freshful.ro/media/cache/freshful_large/3f/e9/5e0f4ba83b66b8ff97408ec620ed.jpg"},"extralarge":{"default":"https://cdn.freshful.ro/media/cache/sylius_shop_product_original/3f/e9/5e0f4ba83b66b8ff97408ec620ed.jpg"}},"label":null,"tags":[],"isAvailable":true,"maxAvailableQuantity":24,"maxAllowedQuantity":24,"breadcrumbs":[{"code":"7","name":"Băuturi","slug":"7-bauturi-si-tutun"},{"code":"702","name":"Apă","slug":"702-apa"},{"code":"70201","name":"Apă plată","slug":"70201-apa-plata"},{"code":"100075080","name":"Apă minerală naturală necarbogazoasă 250ml","slug":"100075080-aqua-carpatica-apa-minerala-naturala-necarbogazoasa-250ml"}],"activePromotion":null,"saveMe":null,"labels":[],"geniusPrice":null,"geniusUnitPricePerLabel":null,"banner":null,"discountLabel":null,"geniusDiscountLabel":null,"badge":null},{"code":"100133102","variantCode":"100133102","name":"Apă natural alcalină 5l","slug":"100133102-azuga-apa-natural-alcalina-5l","unitPriceLabel":"1,38 Lei/l","brand":"Azuga","brandCode":"584","brandFilterCode":"azuga-b585","sku":"100133102","price":6.89,"originalPrice":null,"currencyCode":"RON","currency":"Lei","image":{"thumbnail":{"default":"https://cdn.freshful.ro/media/cache/sylius_shop_product_thumbnail/e3/81/98c1e7f502c896626dfe1ce2d0c3.jpg"},"large":{"default":"https://cdn.freshful.ro/media/cache/freshful_large/e3/81/98c1e7f502c896626dfe1ce2d0c3.jpg"},"extralarge":{"default":"https://cdn.freshful.ro/media/cache/sylius_shop_product_original/e3/81/98c1e7f502c896626dfe1ce2d0c3.jpg"}},"label":null,"tags":[],"isAvailable":true,"maxAvailableQuantity":24,"maxAllowedQuantity":24,"breadcrumbs":[{"code":"7","name":"Băuturi","slug":"7-bauturi-si-tutun"},{"code":"702","name":"Apă","slug":"702-apa"},{"code":"70201","name":"Apă plată","slug":"70201-apa-plata"},{"code":"100133102","name":"Apă natural alcalină 5l","slug":"100133102-azuga-apa-natural-alcalina-5l"}],"activePromotion":null,"saveMe":null,"labels":[],"geniusPrice":null,"geniusUnitPricePerLabel":null,"banner":null,"discountLabel":null,"geniusDiscountLabel":null,"badge":null},{"code":"100075082","variantCode":"100075082","name":"Apă minerală naturală necarbogazoasă 1l","slug":"100075082-aqua-carpatica-apa-minerala-naturala-necarbogazoasa-1l","unitPriceLabel":"2,65 Lei/l","brand":"Aqua Carpatica","brandCode":"1122","brandFilterCode":"aqua-carpatica-b1123","sku":"100075082","price":2.65,"originalPrice":null,"currencyCode":"RON","currency":"Lei","image":{"thumbnail":{"default":"https://cdn.freshful.ro/media/cache/sylius_shop_product_thumbnail/6f/28/877ca9482663abfb86e6bf1b59a8.jpg"},"large":{"default":"https://cdn.freshful.ro/media/cache/freshful_large/6f/28/877ca9482663abfb86e6bf1b59a8.jpg"},"extralarge":{"default":"https://cdn.freshful.ro/media/cache/sylius_shop_product_original/6f/28/877ca9482663abfb86e6bf1b59a8.jpg"}},"label":null,"tags":[],"isAvailable":true,"maxAvailableQuantity":24,"maxAllowedQuantity":24,"breadcrumbs":[{"code":"7","name":"Băuturi","slug":"7-bauturi-si-tutun"},{"code":"702","name":"Apă","slug":"702-apa"},{"code":"70201","name":"Apă plată","slug":"70201-apa-plata"},{"code":"100075082","name":"Apă minerală naturală necarbogazoasă 1l","slug":"100075082-aqua-carpatica-apa-minerala-naturala-necarbogazoasa-1l"}],"activePromotion":null,"saveMe":null,"labels":[],"geniusPrice":null,"geniusUnitPricePerLabel":null,"banner":null,"discountLabel":null,"geniusDiscountLabel":null,"badge":null},{"code":"100002894","variantCode":"5449000108371","name":"Apă minerală necarbogazoasă 2l","slug":"100002894-dorna-apa-minerala-necarbogazoasa-2l","unitPriceLabel":"1,61 Lei/l","brand":"Dorna","brandCode":"281","brandFilterCode":"dorna-b282","sku":"100002894","price":3.22,"originalPrice":null,"currencyCode":"RON","currency":"Lei","image":{"thumbnail":{"default":"https://cdn.freshful.ro/media/cache/sylius_shop_product_thumbnail/35/e3/857a5bfec6f54a072516bf26a4a9.jpg"},"large":{"default":"https://cdn.freshful.ro/media/cache/freshful_large/35/e3/857a5bfec6f54a072516bf26a4a9.jpg"},"extralarge":{"default":"https://cdn.freshful.ro/media/cache/sylius_shop_product_original/35/e3/857a5bfec6f54a072516bf26a4a9.jpg"}},"label":null,"tags":[],"isAvailable":true,"maxAvailableQuantity":6,"maxAllowedQuantity":6,"breadcrumbs":[{"code":"7","name":"Băuturi","slug":"7-bauturi-si-tutun"},{"code":"702","name":"Apă","slug":"702-apa"},{"code":"70201","name":"Apă plată","slug":"70201-apa-plata"},{"code":"100002894","name":"Apă minerală necarbogazoasă 2l","slug":"100002894-dorna-apa-minerala-necarbogazoasa-2l"}],"activePromotion":null,"saveMe":null,"labels":[],"geniusPrice":null,"geniusUnitPricePerLabel":null,"banner":null,"discountLabel":null,"geniusDiscountLabel":null,"badge":null}]},{"analyticsListId":"category-slot_703-bauturi-carbogazoase","analyticsListName":"Category Slot - Băuturi carbogazoase","type":"products_carousel","title":"Băuturi carbogazoase","link":{"title":"Mai multe","count":220,"url":"/c/7-bauturi-si-tutun/703-bauturi-carbogazoase"},"products":[{"code":"100001981","variantCode":"5449000016669","name":"Băutură carbogazoasă portocale 2.5l","slug":"100001981-fanta-bautura-carbogazoasa-portocale-2-5l","unitPriceLabel":"2,8 Lei/l","brand":"Fanta","brandCode":"276","brandFilterCode":"fanta-b277","sku":"100001981","price":6.99,"originalPrice":8.63,"currencyCode":"RON","currency":"Lei","image":{"thumbnail":{"default":"https://cdn.freshful.ro/media/cache/sylius_shop_product_thumbnail/22/1d/61a68474e8784424cd7f92db89fb.jpg"},"large":{"default":"https://cdn.freshful.ro/media/cache/freshful_large/22/1d/61a68474e8784424cd7f92db89fb.jpg"},"extralarge":{"default":"https://cdn.freshful.ro/media/cache/sylius_shop_product_original/22/1d/61a68474e8784424cd7f92db89fb.jpg"}},"label":{"text":"-19%","backgroundColor":"#FF9903","textColor":"#FFFFFF"},"tags":[],"isAvailable":true,"maxAvailableQuantity":6,"maxAllowedQuantity":6,"breadcrumbs":[{"code":"7","name":"Băuturi","slug":"7-bauturi-si-tutun"},{"code":"703","name":"Băuturi carbogazoase","slug":"703-bauturi-carbogazoase"},{"code":"70302","name":"Băuturi fructate carbogazoase","slug":"70302-bauturi-fructate-carbogazoase"},{"code":"100001981","name":"Băutură carbogazoasă portocale 2.5l","slug":"100001981-fanta-bautura-carbogazoasa-portocale-2-5l"}],"activePromotion":{"code":"superpreturile-saptamanii","name":"Preț redus","targetQuantity":null},"saveMe":null,"labels":[{"type":"v1","items":[{"text":"-19%","backgroundColor":"#FF9903","textColor":"#FFFFFF"}]}],"geniusPrice":null,"geniusUnitPricePerLabel":null,"banner":{"text":"Super preț","textColor":"#FF0000","bgColor":"#FFF2EC","icon":null,"link":"https://www.freshful.ro/oferte/superpreturile-saptamanii","type":"promo","analyticsEventType":"select_promotion","analyticsEventPayload":{"promotion_id":"superpreturile-saptamanii","promotion_name":"Superprețurile zilei"}},"discountLabel":"Economisești 19%","geniusDiscountLabel":null,"badge":null},{"code":"100075153","variantCode":"100075153","name":"Băutură carbogazoasă Curiosity 0.275l","slug":"100075153-fentimans-bautura-carbogazoasa-curiosity-0-275l","unitPriceLabel":"29,05 Lei/l","brand":"Fentimans","brandCode":"1153","brandFilterCode":"fentimans-b1154","sku":"100075153","price":7.99,"originalPrice":10.99,"currencyCode":"RON","currency":"Lei","image":{"thumbnail":{"default":"https://cdn.freshful.ro/media/cache/sylius_shop_product_thumbnail/59/95/83c7c54c98476490ba1ab4a18030.jpg"},"large":{"default":"https://cdn.freshful.ro/media/cache/freshful_large/59/95/83c7c54c98476490ba1ab4a18030.jpg"},"extralarge":{"default":"https://cdn.freshful.ro/media/cache/sylius_shop_product_original/59/95/83c7c54c98476490ba1ab4a18030.jpg"}},"label":{"text":"-27%","backgroundColor":"#FF9903","textColor":"#FFFFFF"},"tags":[],"isAvailable":true,"maxAvailableQuantity":24,"maxAllowedQuantity":24,"breadcrumbs":[{"code":"7","name":"Băuturi","slug":"7-bauturi-si-tutun"},{"code":"703","name":"Băuturi carbogazoase","slug":"703-bauturi-carbogazoase"},{"code":"70301","name":"Băuturi tip cola","slug":"70301-bauturi-tip-cola"},{"code":"100075153","name":"Băutură carbogazoasă Curiosity 0.275l","slug":"100075153-fentimans-bautura-carbogazoasa-curiosity-0-275l"}],"activePromotion":{"code":"oferte-bacanie-bauturi-21feb-8mar23","name":"Preț redus","targetQuantity":null},"saveMe":null,"labels":[{"type":"v1","items":[{"text":"-27%","backgroundColor":"#FF9903","textColor":"#FFFFFF"}]}],"geniusPrice":null,"geniusUnitPricePerLabel":null,"banner":{"text":"Super preț","textColor":"#FF0000","bgColor":"#FFF2EC","icon":null,"link":"https://www.freshful.ro/oferte/oferte-bacanie-bauturi-21feb-8mar23","type":"promo","analyticsEventType":"select_promotion","analyticsEventPayload":{"promotion_id":"oferte-bacanie-bauturi-21feb-8mar23","promotion_name":"Cămara cu băuturi și bunătăți"}},"discountLabel":"Economisești 27%","geniusDiscountLabel":null,"badge":null},{"code":"100136046","variantCode":"100136046","name":"Băutură carbogazoasă fără zahăr și fără cofeină 0.33l","slug":"100136046-green-bautura-carbogazoasa-fara-zahar-si-fara-cofeina-0-33l","unitPriceLabel":"7,85 Lei/l","brand":"Green","brandCode":"942","brandFilterCode":"green-b942","sku":"100136046","price":2.59,"originalPrice":null,"currencyCode":"RON","currency":"Lei","image":{"thumbnail":{"default":"https://cdn.freshful.ro/media/cache/sylius_shop_product_thumbnail/2f/55/ea4937f6659d5080375c0a82e101.jpg"},"large":{"default":"https://cdn.freshful.ro/media/cache/freshful_large/2f/55/ea4937f6659d5080375c0a82e101.jpg"},"extralarge":{"default":"https://cdn.freshful.ro/media/cache/sylius_shop_product_original/2f/55/ea4937f6659d5080375c0a82e101.jpg"}},"label":{"text":"Profită acum","backgroundColor":"#FF9903","textColor":"#FFFFFF"},"tags":[],"isAvailable":true,"maxAvailableQuantity":24,"maxAllowedQuantity":24,"breadcrumbs":[{"code":"7","name":"Băuturi","slug":"7-bauturi-si-tutun"},{"code":"703","name":"Băuturi carbogazoase","slug":"703-bauturi-carbogazoase"},{"code":"70301","name":"Băuturi tip cola","slug":"70301-bauturi-tip-cola"},{"code":"100136046","name":"Băutură carbogazoasă fără zahăr și fără cofeină 0.33l","slug":"100136046-green-bautura-carbogazoasa-fara-zahar-si-fara-cofeina-0-33l"}],"activePromotion":{"code":"special-produse-vegane-mar23","name":"Preț avantajos","targetQuantity":null},"saveMe":null,"labels":[{"type":"v1","items":[{"text":"Profită acum","backgroundColor":"#FF9903","textColor":"#FFFFFF"}]}],"geniusPrice":null,"geniusUnitPricePerLabel":null,"banner":{"text":"Preț avantajos","textColor":"#F95510","bgColor":"#FEF1CD","icon":null,"link":"https://www.freshful.ro/oferte/special-produse-vegane-mar23","type":"promo","analyticsEventType":"select_promotion","analyticsEventPayload":{"promotion_id":"special-produse-vegane-mar23","promotion_name":"Și bun, și de post"}},"discountLabel":null,"geniusDiscountLabel":null,"badge":null},{"code":"100075167","variantCode":"100075167","name":"Băutură carbogazoasă zero zahăr 0.33l","slug":"100075167-fritz-kola-bautura-carbogazoasa-zero-zahar-0-33l","unitPriceLabel":"18,15 Lei/l","brand":"Fritz-Kola","brandCode":"1154","brandFilterCode":"fritz-kola-b1155","sku":"100075167","price":5.99,"originalPrice":7.99,"currencyCode":"RON","currency":"Lei","image":{"thumbnail":{"default":"https://cdn.freshful.ro/media/cache/sylius_shop_product_thumbnail/0a/60/853296690e45de34aec4cabfd744.jpg"},"large":{"default":"https://cdn.freshful.ro/media/cache/freshful_large/0a/60/853296690e45de34aec4cabfd744.jpg"},"extralarge":{"default":"https://cdn.freshful.ro/media/cache/sylius_shop_product_original/0a/60/853296690e45de34aec4cabfd744.jpg"}},"label":{"text":"-25%","backgroundColor":"#FF9903","textColor":"#FFFFFF"},"tags":[{"type":"vegan","text":"Vegan","icon":"https://cdn.freshful.ro/assets/product_tags/vegan.svg","iconPng":"https://cdn.freshful.ro/assets/product_tags/vegan.png","backgroundColor":"#ECF9F8","textColor":"#33A39C"},{"type":"NoAddedSugar","text":"Fara zahar adaugat","icon":"https://cdn.freshful.ro/assets/product_tags/fara_zahar_adaugat.svg","iconPng":"https://cdn.freshful.ro/assets/product_tags/fara_zahar_adaugat.png","backgroundColor":"#F8EDF7","textColor":"#C05EBC"}],"isAvailable":true,"maxAvailableQuantity":6,"maxAllowedQuantity":6,"breadcrumbs":[{"code":"7","name":"Băuturi","slug":"7-bauturi-si-tutun"},{"code":"703","name":"Băuturi carbogazoase","slug":"703-bauturi-carbogazoase"},{"code":"70301","name":"Băuturi tip cola","slug":"70301-bauturi-tip-cola"},{"code":"100075167","name":"Băutură carbogazoasă zero zahăr 0.33l","slug":"100075167-fritz-kola-bautura-carbogazoasa-zero-zahar-0-33l"}],"activePromotion":{"code":"oferte-bacanie-bauturi-21feb-8mar23","name":"Preț redus","targetQuantity":null},"saveMe":null,"labels":[{"type":"v1","items":[{"text":"-25%","backgroundColor":"#FF9903","textColor":"#FFFFFF"}]}],"geniusPrice":null,"geniusUnitPricePerLabel":null,"banner":{"text":"Super preț","textColor":"#FF0000","bgColor":"#FFF2EC","icon":null,"link":"https://www.freshful.ro/oferte/oferte-bacanie-bauturi-21feb-8mar23","type":"promo","analyticsEventType":"select_promotion","analyticsEventPayload":{"promotion_id":"oferte-bacanie-bauturi-21feb-8mar23","promotion_name":"Cămara cu băuturi și bunătăți"}},"discountLabel":"Economisești 25%","geniusDiscountLabel":null,"badge":null},{"code":"100146690","variantCode":"100146690","name":"Apă tonică artizanală sticlă 0.33l","slug":"100146690-lahhentagge-spruce-apa-tonica-artizanala-sticla-0-33l","unitPriceLabel":"27,24 Lei/l","brand":"Lahhentagge Spruce","brandCode":"2792","brandFilterCode":"lahhentagge-spruce-b2878","sku":"100146690","price":8.99,"originalPrice":null,"currencyCode":"RON","currency":"Lei","image":{"thumbnail":{"default":"https://cdn.freshful.ro/media/cache/sylius_shop_product_thumbnail/d6/66/4c7555553c5d04c6605600e14b27.jpg"},"large":{"default":"https://cdn.freshful.ro/media/cache/freshful_large/d6/66/4c7555553c5d04c6605600e14b27.jpg"},"extralarge":{"default":"https://cdn.freshful.ro/media/cache/sylius_shop_product_original/d6/66/4c7555553c5d04c6605600e14b27.jpg"}},"label":{"text":"Profită acum","backgroundColor":"#FF9903","textColor":"#FFFFFF"},"tags":[],"isAvailable":true,"maxAvailableQuantity":4,"maxAllowedQuantity":24,"breadcrumbs":[{"code":"7","name":"Băuturi","slug":"7-bauturi-si-tutun"},{"code":"703","name":"Băuturi carbogazoase","slug":"703-bauturi-carbogazoase"},{"code":"70303","name":"Limonadă și apă tonică","slug":"70303-limonade-si-apa-tonica"},{"code":"100146690","name":"Apă tonică artizanală sticlă 0.33l","slug":"100146690-lahhentagge-spruce-apa-tonica-artizanala-sticla-0-33l"}],"activePromotion":{"code":"oferte-bacanie-bauturi-21feb-8mar23","name":"Preț avantajos","targetQuantity":null},"saveMe":null,"labels":[{"type":"v1","items":[{"text":"Profită acum","backgroundColor":"#FF9903","textColor":"#FFFFFF"}]}],"geniusPrice":null,"geniusUnitPricePerLabel":null,"banner":{"text":"Preț avantajos","textColor":"#F95510","bgColor":"#FEF1CD","icon":null,"link":"https://www.freshful.ro/oferte/oferte-bacanie-bauturi-21feb-8mar23","type":"promo","analyticsEventType":"select_promotion","analyticsEventPayload":{"promotion_id":"oferte-bacanie-bauturi-21feb-8mar23","promotion_name":"Cămara cu băuturi și bunătăți"}},"discountLabel":null,"geniusDiscountLabel":null,"badge":null},{"code":"100001973","variantCode":"5449000136336","name":"Băutură carbogazoasă zero zahăr 2x2l","slug":"100001973-coca-cola-bautura-carbogazoasa-zero-zahar-2x2l","unitPriceLabel":"3,32 Lei/l","brand":"Coca-Cola","brandCode":"275","brandFilterCode":"coca-cola-b276","sku":"100001973","price":13.29,"originalPrice":null,"currencyCode":"RON","currency":"Lei","image":{"thumbnail":{"default":"https://cdn.freshful.ro/media/cache/sylius_shop_product_thumbnail/5c/aa/3c8701575538e4c4c2bd784566bc.jpg"},"large":{"default":"https://cdn.freshful.ro/media/cache/freshful_large/5c/aa/3c8701575538e4c4c2bd784566bc.jpg"},"extralarge":{"default":"https://cdn.freshful.ro/media/cache/sylius_shop_product_original/5c/aa/3c8701575538e4c4c2bd784566bc.jpg"}},"label":null,"tags":[{"type":"NoAddedSugar","text":"Fara zahar adaugat","icon":"https://cdn.freshful.ro/assets/product_tags/fara_zahar_adaugat.svg","iconPng":"https://cdn.freshful.ro/assets/product_tags/fara_zahar_adaugat.png","backgroundColor":"#F8EDF7","textColor":"#C05EBC"}],"isAvailable":true,"maxAvailableQuantity":24,"maxAllowedQuantity":24,"breadcrumbs":[{"code":"7","name":"Băuturi","slug":"7-bauturi-si-tutun"},{"code":"703","name":"Băuturi carbogazoase","slug":"703-bauturi-carbogazoase"},{"code":"70301","name":"Băuturi tip cola","slug":"70301-bauturi-tip-cola"},{"code":"100001973","name":"Băutură carbogazoasă zero zahăr 2x2l","slug":"100001973-coca-cola-bautura-carbogazoasa-zero-zahar-2x2l"}],"activePromotion":null,"saveMe":null,"labels":[],"geniusPrice":null,"geniusUnitPricePerLabel":null,"banner":null,"discountLabel":null,"geniusDiscountLabel":null,"badge":null},{"code":"100002072","variantCode":"5449000131805","name":"Băutură carbogazoasă zero zahăr doză 0.33l","slug":"100002072-coca-cola-bautura-carbogazoasa-zero-zahar-doza-0-33l","unitPriceLabel":"9,45 Lei/l","brand":"Coca-Cola","brandCode":"275","brandFilterCode":"coca-cola-b276","sku":"100002072","price":3.12,"originalPrice":null,"currencyCode":"RON","currency":"Lei","image":{"thumbnail":{"default":"https://cdn.freshful.ro/media/cache/sylius_shop_product_thumbnail/57/78/e37952410e270ddbe0640c2fb9f5.jpg"},"large":{"default":"https://cdn.freshful.ro/media/cache/freshful_large/57/78/e37952410e270ddbe0640c2fb9f5.jpg"},"extralarge":{"default":"https://cdn.freshful.ro/media/cache/sylius_shop_product_original/57/78/e37952410e270ddbe0640c2fb9f5.jpg"}},"label":null,"tags":[{"type":"NoAddedSugar","text":"Fara zahar adaugat","icon":"https://cdn.freshful.ro/assets/product_tags/fara_zahar_adaugat.svg","iconPng":"https://cdn.freshful.ro/assets/product_tags/fara_zahar_adaugat.png","backgroundColor":"#F8EDF7","textColor":"#C05EBC"}],"isAvailable":true,"maxAvailableQuantity":24,"maxAllowedQuantity":24,"breadcrumbs":[{"code":"7","name":"Băuturi","slug":"7-bauturi-si-tutun"},{"code":"703","name":"Băuturi carbogazoase","slug":"703-bauturi-carbogazoase"},{"code":"70301","name":"Băuturi tip cola","slug":"70301-bauturi-tip-cola"},{"code":"100002072","name":"Băutură carbogazoasă zero zahăr doză 0.33l","slug":"100002072-coca-cola-bautura-carbogazoasa-zero-zahar-doza-0-33l"}],"activePromotion":null,"saveMe":null,"labels":[],"geniusPrice":null,"geniusUnitPricePerLabel":null,"banner":null,"discountLabel":null,"geniusDiscountLabel":null,"badge":null},{"code":"100135286","variantCode":"100135286","name":"Bautură carbonatată doză 6x0.33l ( 5+1 )","slug":"100135286-coca-cola-bautura-carbonatata-doza-6x0-33l-5-1","unitPriceLabel":"8,38 Lei/l","brand":"Coca-Cola","brandCode":"275","brandFilterCode":"coca-cola-b276","sku":"100135286","price":16.59,"originalPrice":null,"currencyCode":"RON","currency":"Lei","image":{"thumbnail":{"default":"https://cdn.freshful.ro/media/cache/sylius_shop_product_thumbnail/11/f9/545eae5eed0ffb4caa6ebac8d753.jpg"},"large":{"default":"https://cdn.freshful.ro/media/cache/freshful_large/11/f9/545eae5eed0ffb4caa6ebac8d753.jpg"},"extralarge":{"default":"https://cdn.freshful.ro/media/cache/sylius_shop_product_original/11/f9/545eae5eed0ffb4caa6ebac8d753.jpg"}},"label":null,"tags":[],"isAvailable":true,"maxAvailableQuantity":2,"maxAllowedQuantity":2,"breadcrumbs":[{"code":"7","name":"Băuturi","slug":"7-bauturi-si-tutun"},{"code":"703","name":"Băuturi carbogazoase","slug":"703-bauturi-carbogazoase"},{"code":"70301","name":"Băuturi tip cola","slug":"70301-bauturi-tip-cola"},{"code":"100135286","name":"Bautură carbonatată doză 6x0.33l ( 5+1 )","slug":"100135286-coca-cola-bautura-carbonatata-doza-6x0-33l-5-1"}],"activePromotion":null,"saveMe":null,"labels":[],"geniusPrice":null,"geniusUnitPricePerLabel":null,"banner":null,"discountLabel":null,"geniusDiscountLabel":null,"badge":null},{"code":"100001967","variantCode":"5449000146823","name":"Băutură carbogazoasă 2x2l","slug":"100001967-coca-cola-bautura-carbogazoasa-2x2l","unitPriceLabel":"3,54 Lei/l","brand":"Coca-Cola","brandCode":"275","brandFilterCode":"coca-cola-b276","sku":"100001967","price":14.15,"originalPrice":null,"currencyCode":"RON","currency":"Lei","image":{"thumbnail":{"default":"https://cdn.freshful.ro/media/cache/sylius_shop_product_thumbnail/3c/66/b3106b495822000bfe14bb5539d9.jpg"},"large":{"default":"https://cdn.freshful.ro/media/cache/freshful_large/3c/66/b3106b495822000bfe14bb5539d9.jpg"},"extralarge":{"default":"https://cdn.freshful.ro/media/cache/sylius_shop_product_original/3c/66/b3106b495822000bfe14bb5539d9.jpg"}},"label":null,"tags":[],"isAvailable":true,"maxAvailableQuantity":24,"maxAllowedQuantity":24,"breadcrumbs":[{"code":"7","name":"Băuturi","slug":"7-bauturi-si-tutun"},{"code":"703","name":"Băuturi carbogazoase","slug":"703-bauturi-carbogazoase"},{"code":"70301","name":"Băuturi tip cola","slug":"70301-bauturi-tip-cola"},{"code":"100001967","name":"Băutură carbogazoasă 2x2l","slug":"100001967-coca-cola-bautura-carbogazoasa-2x2l"}],"activePromotion":null,"saveMe":null,"labels":[],"geniusPrice":null,"geniusUnitPricePerLabel":null,"banner":null,"discountLabel":null,"geniusDiscountLabel":null,"badge":null},{"code":"100001963","variantCode":"54490703","name":"Băutură carbogazoasă sticlă 0.33l","slug":"100001963-coca-cola-bautura-carbogazoasa-sticla-0-33l","unitPriceLabel":"9,45 Lei/l","brand":"Coca-Cola","brandCode":"275","brandFilterCode":"coca-cola-b276","sku":"100001963","price":3.12,"originalPrice":null,"currencyCode":"RON","currency":"Lei","image":{"thumbnail":{"default":"https://cdn.freshful.ro/media/cache/sylius_shop_product_thumbnail/ff/5d/dddec155ab66d3534540fceba241.jpg"},"large":{"default":"https://cdn.freshful.ro/media/cache/freshful_large/ff/5d/dddec155ab66d3534540fceba241.jpg"},"extralarge":{"default":"https://cdn.freshful.ro/media/cache/sylius_shop_product_original/ff/5d/dddec155ab66d3534540fceba241.jpg"}},"label":null,"tags":[],"isAvailable":true,"maxAvailableQuantity":24,"maxAllowedQuantity":24,"breadcrumbs":[{"code":"7","name":"Băuturi","slug":"7-bauturi-si-tutun"},{"code":"703","name":"Băuturi carbogazoase","slug":"703-bauturi-carbogazoase"},{"code":"70301","name":"Băuturi tip cola","slug":"70301-bauturi-tip-cola"},{"code":"100001963","name":"Băutură carbogazoasă sticlă 0.33l","slug":"100001963-coca-cola-bautura-carbogazoasa-sticla-0-33l"}],"activePromotion":null,"saveMe":null,"labels":[],"geniusPrice":null,"geniusUnitPricePerLabel":null,"banner":null,"discountLabel":null,"geniusDiscountLabel":null,"badge":null}]},{"analyticsListId":"category-slot_704-bere","analyticsListName":"Category Slot - Bere","type":"products_carousel","title":"Bere","link":{"title":"Mai multe","count":277,"url":"/c/7-bauturi-si-tutun/704-bere"},"products":[{"code":"100047689","variantCode":"646809521249","name":" Bere artizanală nepasteurizată blondă sticlă 0.5l","slug":"100047689-zaganu-bere-artizanala-nepasteurizata-blonda-sticla-0-5l","unitPriceLabel":"16,98 Lei/l","brand":"Zăganu","brandCode":"788","brandFilterCode":"zaganu-b789","sku":"100047689","price":8.49,"originalPrice":8.95,"currencyCode":"RON","currency":"Lei","image":{"thumbnail":{"default":"https://cdn.freshful.ro/media/cache/sylius_shop_product_thumbnail/33/0e/5713e2915baf2d1993b645b09815.jpg"},"large":{"default":"https://cdn.freshful.ro/media/cache/freshful_large/33/0e/5713e2915baf2d1993b645b09815.jpg"},"extralarge":{"default":"https://cdn.freshful.ro/media/cache/sylius_shop_product_original/33/0e/5713e2915baf2d1993b645b09815.jpg"}},"label":{"text":"-5%","backgroundColor":"#FF9903","textColor":"#FFFFFF"},"tags":[{"type":"vegan","text":"Vegan","icon":"https://cdn.freshful.ro/assets/product_tags/vegan.svg","iconPng":"https://cdn.freshful.ro/assets/product_tags/vegan.png","backgroundColor":"#ECF9F8","textColor":"#33A39C"},{"type":"MadeInRomania","text":"Made In Romania","icon":"https://cdn.freshful.ro/assets/product_tags/made_in_romania.svg","iconPng":"https://cdn.freshful.ro/assets/product_tags/made_in_romania.png","backgroundColor":"#EDF2FD","textColor":"#1653CA"}],"isAvailable":true,"maxAvailableQuantity":50,"maxAllowedQuantity":50,"breadcrumbs":[{"code":"7","name":"Băuturi","slug":"7-bauturi-si-tutun"},{"code":"704","name":"Bere","slug":"704-bere"},{"code":"70406","name":"Bere artizanală românească","slug":"70406-bere-artizanala-romaneasca"},{"code":"100047689","name":" Bere artizanală nepasteurizată blondă sticlă 0.5l","slug":"100047689-zaganu-bere-artizanala-nepasteurizata-blonda-sticla-0-5l"}],"activePromotion":{"code":"targ-bere-snacks-mar23","name":"Preț redus","targetQuantity":null},"saveMe":null,"labels":[{"type":"v1","items":[{"text":"-5%","backgroundColor":"#FF9903","textColor":"#FFFFFF"}]}],"geniusPrice":null,"geniusUnitPricePerLabel":null,"banner":{"text":"Super preț","textColor":"#FF0000","bgColor":"#FFF2EC","icon":null,"link":"https://www.freshful.ro/oferte/targ-bere-snacks-mar23","type":"promo","analyticsEventType":"select_promotion","analyticsEventPayload":{"promotion_id":"targ-bere-snacks-mar23","promotion_name":"Bere și snackuri pentru toate gusturile"}},"discountLabel":"Economisești 5%","geniusDiscountLabel":null,"badge":null},{"code":"100138409","variantCode":"100138409","name":"Bere blondă Paloșul lui Ștefan sticlă 0.33l","slug":"100138409-barlog-bere-blonda-palosul-lui-stefan-sticla-0-33l","unitPriceLabel":"18,15 Lei/l","brand":"Bârlog","brandCode":"2644","brandFilterCode":"barlog-b2648","sku":"100138409","price":5.99,"originalPrice":null,"currencyCode":"RON","currency":"Lei","image":{"thumbnail":{"default":"https://cdn.freshful.ro/media/cache/sylius_shop_product_thumbnail/10/8c/6f66c787c5f5b0e49fee5e3f8836.jpg"},"large":{"default":"https://cdn.freshful.ro/media/cache/freshful_large/10/8c/6f66c787c5f5b0e49fee5e3f8836.jpg"},"extralarge":{"default":"https://cdn.freshful.ro/media/cache/sylius_shop_product_original/10/8c/6f66c787c5f5b0e49fee5e3f8836.jpg"}},"label":{"text":"Profită acum","backgroundColor":"#FF9903","textColor":"#FFFFFF"},"tags":[],"isAvailable":true,"maxAvailableQuantity":50,"maxAllowedQuantity":50,"breadcrumbs":[{"code":"7","name":"Băuturi","slug":"7-bauturi-si-tutun"},{"code":"704","name":"Bere","slug":"704-bere"},{"code":"70401","name":"Bere blondă","slug":"70401-bere-blonda"},{"code":"100138409","name":"Bere blondă Paloșul lui Ștefan sticlă 0.33l","slug":"100138409-barlog-bere-blonda-palosul-lui-stefan-sticla-0-33l"}],"activePromotion":{"code":"targ-bere-snacks-mar23","name":"Preț avantajos","targetQuantity":null},"saveMe":null,"labels":[{"type":"v1","items":[{"text":"Profită acum","backgroundColor":"#FF9903","textColor":"#FFFFFF"}]}],"geniusPrice":null,"geniusUnitPricePerLabel":null,"banner":{"text":"Preț avantajos","textColor":"#F95510","bgColor":"#FEF1CD","icon":null,"link":"https://www.freshful.ro/oferte/targ-bere-snacks-mar23","type":"promo","analyticsEventType":"select_promotion","analyticsEventPayload":{"promotion_id":"targ-bere-snacks-mar23","promotion_name":"Bere și snackuri pentru toate gusturile"}},"discountLabel":null,"geniusDiscountLabel":null,"badge":null},{"code":"100042397","variantCode":"100042397","name":"Bere blondă nepasteurizată sticlă 0.5l","slug":"100042397-azuga-bere-blonda-nepasteurizata-sticla-0-5l","unitPriceLabel":"13,98 Lei/l","brand":"Azuga","brandCode":"584","brandFilterCode":"azuga-b585","sku":"100042397","price":6.99,"originalPrice":null,"currencyCode":"RON","currency":"Lei","image":{"thumbnail":{"default":"https://cdn.freshful.ro/media/cache/sylius_shop_product_thumbnail/e3/85/c06d4c3e427e30e75d1a31ff5dc0.jpg"},"large":{"default":"https://cdn.freshful.ro/media/cache/freshful_large/e3/85/c06d4c3e427e30e75d1a31ff5dc0.jpg"},"extralarge":{"default":"https://cdn.freshful.ro/media/cache/sylius_shop_product_original/e3/85/c06d4c3e427e30e75d1a31ff5dc0.jpg"}},"label":{"text":"Profită acum","backgroundColor":"#FF9903","textColor":"#FFFFFF"},"tags":[],"isAvailable":true,"maxAvailableQuantity":50,"maxAllowedQuantity":50,"breadcrumbs":[{"code":"7","name":"Băuturi","slug":"7-bauturi-si-tutun"},{"code":"704","name":"Bere","slug":"704-bere"},{"code":"70401","name":"Bere blondă","slug":"70401-bere-blonda"},{"code":"100042397","name":"Bere blondă nepasteurizată sticlă 0.5l","slug":"100042397-azuga-bere-blonda-nepasteurizata-sticla-0-5l"}],"activePromotion":{"code":"targ-bere-snacks-mar23","name":"Preț avantajos","targetQuantity":null},"saveMe":null,"labels":[{"type":"v1","items":[{"text":"Profită acum","backgroundColor":"#FF9903","textColor":"#FFFFFF"}]}],"geniusPrice":null,"geniusUnitPricePerLabel":null,"banner":{"text":"Preț avantajos","textColor":"#F95510","bgColor":"#FEF1CD","icon":null,"link":"https://www.freshful.ro/oferte/targ-bere-snacks-mar23","type":"promo","analyticsEventType":"select_promotion","analyticsEventPayload":{"promotion_id":"targ-bere-snacks-mar23","promotion_name":"Bere și snackuri pentru toate gusturile"}},"discountLabel":null,"geniusDiscountLabel":null,"badge":null},{"code":"100042728","variantCode":"100042728","name":"Bere roșie sticlă 0.5l","slug":"100042728-london-pride-bere-rosie-sticla-0-5l","unitPriceLabel":"25,98 Lei/l","brand":"London Pride","brandCode":"571","brandFilterCode":"london-pride-b572","sku":"100042728","price":12.99,"originalPrice":null,"currencyCode":"RON","currency":"Lei","image":{"thumbnail":{"default":"https://cdn.freshful.ro/media/cache/sylius_shop_product_thumbnail/a6/ce/89f1f06bd2ae85867d0e65370253.jpg"},"large":{"default":"https://cdn.freshful.ro/media/cache/freshful_large/a6/ce/89f1f06bd2ae85867d0e65370253.jpg"},"extralarge":{"default":"https://cdn.freshful.ro/media/cache/sylius_shop_product_original/a6/ce/89f1f06bd2ae85867d0e65370253.jpg"}},"label":{"text":"Profită acum","backgroundColor":"#FF9903","textColor":"#FFFFFF"},"tags":[],"isAvailable":true,"maxAvailableQuantity":50,"maxAllowedQuantity":50,"breadcrumbs":[{"code":"7","name":"Băuturi","slug":"7-bauturi-si-tutun"},{"code":"704","name":"Bere","slug":"704-bere"},{"code":"70407","name":"Specialități internaționale","slug":"70407-bere-internationala"},{"code":"100042728","name":"Bere roșie sticlă 0.5l","slug":"100042728-london-pride-bere-rosie-sticla-0-5l"}],"activePromotion":{"code":"targ-bere-snacks-mar23","name":"Preț avantajos","targetQuantity":null},"saveMe":null,"labels":[{"type":"v1","items":[{"text":"Profită acum","backgroundColor":"#FF9903","textColor":"#FFFFFF"}]}],"geniusPrice":null,"geniusUnitPricePerLabel":null,"banner":{"text":"Preț avantajos","textColor":"#F95510","bgColor":"#FEF1CD","icon":null,"link":"https://www.freshful.ro/oferte/targ-bere-snacks-mar23","type":"promo","analyticsEventType":"select_promotion","analyticsEventPayload":{"promotion_id":"targ-bere-snacks-mar23","promotion_name":"Bere și snackuri pentru toate gusturile"}},"discountLabel":null,"geniusDiscountLabel":null,"badge":null},{"code":"100047922","variantCode":"684811797795","name":"Bere artizanală nepasteurizată India Pale Lager sticlă 0.5l","slug":"100047922-zaganu-bere-artizanala-nepasteurizata-india-pale-lager-sticla-0-5l","unitPriceLabel":"23,98 Lei/l","brand":"Zăganu","brandCode":"788","brandFilterCode":"zaganu-b789","sku":"100047922","price":11.99,"originalPrice":12.9,"currencyCode":"RON","currency":"Lei","image":{"thumbnail":{"default":"https://cdn.freshful.ro/media/cache/sylius_shop_product_thumbnail/b3/2a/de5ab66bd950e8b0e09cfd828d4a.jpg"},"large":{"default":"https://cdn.freshful.ro/media/cache/freshful_large/b3/2a/de5ab66bd950e8b0e09cfd828d4a.jpg"},"extralarge":{"default":"https://cdn.freshful.ro/media/cache/sylius_shop_product_original/b3/2a/de5ab66bd950e8b0e09cfd828d4a.jpg"}},"label":{"text":"-7%","backgroundColor":"#FF9903","textColor":"#FFFFFF"},"tags":[{"type":"vegan","text":"Vegan","icon":"https://cdn.freshful.ro/assets/product_tags/vegan.svg","iconPng":"https://cdn.freshful.ro/assets/product_tags/vegan.png","backgroundColor":"#ECF9F8","textColor":"#33A39C"},{"type":"MadeInRomania","text":"Made In Romania","icon":"https://cdn.freshful.ro/assets/product_tags/made_in_romania.svg","iconPng":"https://cdn.freshful.ro/assets/product_tags/made_in_romania.png","backgroundColor":"#EDF2FD","textColor":"#1653CA"}],"isAvailable":true,"maxAvailableQuantity":50,"maxAllowedQuantity":50,"breadcrumbs":[{"code":"7","name":"Băuturi","slug":"7-bauturi-si-tutun"},{"code":"704","name":"Bere","slug":"704-bere"},{"code":"70406","name":"Bere artizanală românească","slug":"70406-bere-artizanala-romaneasca"},{"code":"100047922","name":"Bere artizanală nepasteurizată India Pale Lager sticlă 0.5l","slug":"100047922-zaganu-bere-artizanala-nepasteurizata-india-pale-lager-sticla-0-5l"}],"activePromotion":{"code":"targ-bere-snacks-mar23","name":"Preț redus","targetQuantity":null},"saveMe":null,"labels":[{"type":"v1","items":[{"text":"-7%","backgroundColor":"#FF9903","textColor":"#FFFFFF"}]}],"geniusPrice":null,"geniusUnitPricePerLabel":null,"banner":{"text":"Super preț","textColor":"#FF0000","bgColor":"#FFF2EC","icon":null,"link":"https://www.freshful.ro/oferte/targ-bere-snacks-mar23","type":"promo","analyticsEventType":"select_promotion","analyticsEventPayload":{"promotion_id":"targ-bere-snacks-mar23","promotion_name":"Bere și snackuri pentru toate gusturile"}},"discountLabel":"Economisești 7%","geniusDiscountLabel":null,"badge":null},{"code":"100138410","variantCode":"100138410","name":"Bere blondă Țeapa lui Vlad sticlă 0.33l","slug":"100138410-barlog-bere-blonda-teapa-lui-vlad-sticla-0-33l","unitPriceLabel":"18,15 Lei/l","brand":"Bârlog","brandCode":"2644","brandFilterCode":"barlog-b2648","sku":"100138410","price":5.99,"originalPrice":null,"currencyCode":"RON","currency":"Lei","image":{"thumbnail":{"default":"https://cdn.freshful.ro/media/cache/sylius_shop_product_thumbnail/07/6d/d5c2f33c3b50b1264da062580dd4.jpg"},"large":{"default":"https://cdn.freshful.ro/media/cache/freshful_large/07/6d/d5c2f33c3b50b1264da062580dd4.jpg"},"extralarge":{"default":"https://cdn.freshful.ro/media/cache/sylius_shop_product_original/07/6d/d5c2f33c3b50b1264da062580dd4.jpg"}},"label":{"text":"Profită acum","backgroundColor":"#FF9903","textColor":"#FFFFFF"},"tags":[],"isAvailable":true,"maxAvailableQuantity":50,"maxAllowedQuantity":50,"breadcrumbs":[{"code":"7","name":"Băuturi","slug":"7-bauturi-si-tutun"},{"code":"704","name":"Bere","slug":"704-bere"},{"code":"70401","name":"Bere blondă","slug":"70401-bere-blonda"},{"code":"100138410","name":"Bere blondă Țeapa lui Vlad sticlă 0.33l","slug":"100138410-barlog-bere-blonda-teapa-lui-vlad-sticla-0-33l"}],"activePromotion":{"code":"targ-bere-snacks-mar23","name":"Preț avantajos","targetQuantity":null},"saveMe":null,"labels":[{"type":"v1","items":[{"text":"Profită acum","backgroundColor":"#FF9903","textColor":"#FFFFFF"}]}],"geniusPrice":null,"geniusUnitPricePerLabel":null,"banner":{"text":"Preț avantajos","textColor":"#F95510","bgColor":"#FEF1CD","icon":null,"link":"https://www.freshful.ro/oferte/targ-bere-snacks-mar23","type":"promo","analyticsEventType":"select_promotion","analyticsEventPayload":{"promotion_id":"targ-bere-snacks-mar23","promotion_name":"Bere și snackuri pentru toate gusturile"}},"discountLabel":null,"geniusDiscountLabel":null,"badge":null},{"code":"100138411","variantCode":"100138411","name":"Bere blondă Coșmarul lui Baiazid sticlă 0.33l","slug":"100138411-barlog-bere-blonda-cosmarul-lui-baiazid-sticla-0-33l","unitPriceLabel":"18,15 Lei/l","brand":"Bârlog","brandCode":"2644","brandFilterCode":"barlog-b2648","sku":"100138411","price":5.99,"originalPrice":null,"currencyCode":"RON","currency":"Lei","image":{"thumbnail":{"default":"https://cdn.freshful.ro/media/cache/sylius_shop_product_thumbnail/40/08/b109cd53c68f63bcde3f1cd2385f.jpg"},"large":{"default":"https://cdn.freshful.ro/media/cache/freshful_large/40/08/b109cd53c68f63bcde3f1cd2385f.jpg"},"extralarge":{"default":"https://cdn.freshful.ro/media/cache/sylius_shop_product_original/40/08/b109cd53c68f63bcde3f1cd2385f.jpg"}},"label":{"text":"Profită acum","backgroundColor":"#FF9903","textColor":"#FFFFFF"},"tags":[],"isAvailable":true,"maxAvailableQuantity":50,"maxAllowedQuantity":50,"breadcrumbs":[{"code":"7","name":"Băuturi","slug":"7-bauturi-si-tutun"},{"code":"704","name":"Bere","slug":"704-bere"},{"code":"70401","name":"Bere blondă","slug":"70401-bere-blonda"},{"code":"100138411","name":"Bere blondă Coșmarul lui Baiazid sticlă 0.33l","slug":"100138411-barlog-bere-blonda-cosmarul-lui-baiazid-sticla-0-33l"}],"activePromotion":{"code":"targ-bere-snacks-mar23","name":"Preț avantajos","targetQuantity":null},"saveMe":null,"labels":[{"type":"v1","items":[{"text":"Profită acum","backgroundColor":"#FF9903","textColor":"#FFFFFF"}]}],"geniusPrice":null,"geniusUnitPricePerLabel":null,"banner":{"text":"Preț avantajos","textColor":"#F95510","bgColor":"#FEF1CD","icon":null,"link":"https://www.freshful.ro/oferte/targ-bere-snacks-mar23","type":"promo","analyticsEventType":"select_promotion","analyticsEventPayload":{"promotion_id":"targ-bere-snacks-mar23","promotion_name":"Bere și snackuri pentru toate gusturile"}},"discountLabel":null,"geniusDiscountLabel":null,"badge":null},{"code":"100042425","variantCode":"100042425","name":"Bere blondă fără alcool cu aromă de lămâie doză 0.5l","slug":"100042425-ursus-cooler-bere-blonda-fara-alcool-cu-aroma-de-lamaie-doza-0-5l","unitPriceLabel":"6,98 Lei/l","brand":"Ursus Cooler","brandCode":"2502","brandFilterCode":"ursus-cooler-b2506","sku":"100042425","price":3.49,"originalPrice":3.79,"currencyCode":"RON","currency":"Lei","image":{"thumbnail":{"default":"https://cdn.freshful.ro/media/cache/sylius_shop_product_thumbnail/48/08/ea58fb326829f0b5e0b9bd38ed6e.jpg"},"large":{"default":"https://cdn.freshful.ro/media/cache/freshful_large/48/08/ea58fb326829f0b5e0b9bd38ed6e.jpg"},"extralarge":{"default":"https://cdn.freshful.ro/media/cache/sylius_shop_product_original/48/08/ea58fb326829f0b5e0b9bd38ed6e.jpg"}},"label":{"text":"-7%","backgroundColor":"#FF9903","textColor":"#FFFFFF"},"tags":[],"isAvailable":true,"maxAvailableQuantity":8,"maxAllowedQuantity":50,"breadcrumbs":[{"code":"7","name":"Băuturi","slug":"7-bauturi-si-tutun"},{"code":"704","name":"Bere","slug":"704-bere"},{"code":"70408","name":"Bere fără alcool","slug":"70408-bere-fara-alcool"},{"code":"100042425","name":"Bere blondă fără alcool cu aromă de lămâie doză 0.5l","slug":"100042425-ursus-cooler-bere-blonda-fara-alcool-cu-aroma-de-lamaie-doza-0-5l"}],"activePromotion":{"code":"oferte-bacanie-bauturi-21feb-8mar23","name":"Preț redus","targetQuantity":null},"saveMe":null,"labels":[{"type":"v1","items":[{"text":"-7%","backgroundColor":"#FF9903","textColor":"#FFFFFF"}]}],"geniusPrice":null,"geniusUnitPricePerLabel":null,"banner":{"text":"Super preț","textColor":"#FF0000","bgColor":"#FFF2EC","icon":null,"link":"https://www.freshful.ro/oferte/oferte-bacanie-bauturi-21feb-8mar23","type":"promo","analyticsEventType":"select_promotion","analyticsEventPayload":{"promotion_id":"oferte-bacanie-bauturi-21feb-8mar23","promotion_name":"Cămara cu băuturi și bunătăți"}},"discountLabel":"Economisești 7%","geniusDiscountLabel":null,"badge":null},{"code":"100042704","variantCode":"100042704","name":"Bere Weissbier sticlă 0.5l","slug":"100042704-paulaner-bere-weissbier-sticla-0-5l","unitPriceLabel":"19,98 Lei/l","brand":"Paulaner","brandCode":"562","brandFilterCode":"paulaner-b563","sku":"100042704","price":9.99,"originalPrice":11.5,"currencyCode":"RON","currency":"Lei","image":{"thumbnail":{"default":"https://cdn.freshful.ro/media/cache/sylius_shop_product_thumbnail/20/11/e28845280478e41f65c9b72458bb.jpg"},"large":{"default":"https://cdn.freshful.ro/media/cache/freshful_large/20/11/e28845280478e41f65c9b72458bb.jpg"},"extralarge":{"default":"https://cdn.freshful.ro/media/cache/sylius_shop_product_original/20/11/e28845280478e41f65c9b72458bb.jpg"}},"label":{"text":"-13%","backgroundColor":"#FF9903","textColor":"#FFFFFF"},"tags":[],"isAvailable":true,"maxAvailableQuantity":50,"maxAllowedQuantity":50,"breadcrumbs":[{"code":"7","name":"Băuturi","slug":"7-bauturi-si-tutun"},{"code":"704","name":"Bere","slug":"704-bere"},{"code":"70407","name":"Specialități internaționale","slug":"70407-bere-internationala"},{"code":"100042704","name":"Bere Weissbier sticlă 0.5l","slug":"100042704-paulaner-bere-weissbier-sticla-0-5l"}],"activePromotion":{"code":"targ-bere-snacks-mar23","name":"Preț redus","targetQuantity":null},"saveMe":null,"labels":[{"type":"v1","items":[{"text":"-13%","backgroundColor":"#FF9903","textColor":"#FFFFFF"}]}],"geniusPrice":null,"geniusUnitPricePerLabel":null,"banner":{"text":"Super preț","textColor":"#FF0000","bgColor":"#FFF2EC","icon":null,"link":"https://www.freshful.ro/oferte/targ-bere-snacks-mar23","type":"promo","analyticsEventType":"select_promotion","analyticsEventPayload":{"promotion_id":"targ-bere-snacks-mar23","promotion_name":"Bere și snackuri pentru toate gusturile"}},"discountLabel":"Economisești 13%","geniusDiscountLabel":null,"badge":null},{"code":"100094967","variantCode":"100094967","name":"Bere Hazy Ipa sticlă 0.5l","slug":"100094967-bere-grivita-bere-hazy-ipa-sticla-0-5l","unitPriceLabel":"19,98 Lei/l","brand":"Bere Grivița","brandCode":"1588","brandFilterCode":"bere-grivita-b1592","sku":"100094967","price":9.99,"originalPrice":null,"currencyCode":"RON","currency":"Lei","image":{"thumbnail":{"default":"https://cdn.freshful.ro/media/cache/sylius_shop_product_thumbnail/3c/57/285dd8e751ab7550176b059c615c.jpg"},"large":{"default":"https://cdn.freshful.ro/media/cache/freshful_large/3c/57/285dd8e751ab7550176b059c615c.jpg"},"extralarge":{"default":"https://cdn.freshful.ro/media/cache/sylius_shop_product_original/3c/57/285dd8e751ab7550176b059c615c.jpg"}},"label":{"text":"Profită acum","backgroundColor":"#FF9903","textColor":"#FFFFFF"},"tags":[{"type":"MadeInRomania","text":"Made In Romania","icon":"https://cdn.freshful.ro/assets/product_tags/made_in_romania.svg","iconPng":"https://cdn.freshful.ro/assets/product_tags/made_in_romania.png","backgroundColor":"#EDF2FD","textColor":"#1653CA"}],"isAvailable":true,"maxAvailableQuantity":29,"maxAllowedQuantity":50,"breadcrumbs":[{"code":"7","name":"Băuturi","slug":"7-bauturi-si-tutun"},{"code":"704","name":"Bere","slug":"704-bere"},{"code":"70406","name":"Bere artizanală românească","slug":"70406-bere-artizanala-romaneasca"},{"code":"100094967","name":"Bere Hazy Ipa sticlă 0.5l","slug":"100094967-bere-grivita-bere-hazy-ipa-sticla-0-5l"}],"activePromotion":{"code":"targ-bere-snacks-mar23","name":"Preț avantajos","targetQuantity":null},"saveMe":null,"labels":[{"type":"v1","items":[{"text":"Profită acum","backgroundColor":"#FF9903","textColor":"#FFFFFF"}]}],"geniusPrice":null,"geniusUnitPricePerLabel":null,"banner":{"text":"Preț avantajos","textColor":"#F95510","bgColor":"#FEF1CD","icon":null,"link":"https://www.freshful.ro/oferte/targ-bere-snacks-mar23","type":"promo","analyticsEventType":"select_promotion","analyticsEventPayload":{"promotion_id":"targ-bere-snacks-mar23","promotion_name":"Bere și snackuri pentru toate gusturile"}},"discountLabel":null,"geniusDiscountLabel":null,"badge":null}]},{"analyticsListId":"category-slot_705-vinuri","analyticsListName":"Category Slot - Vinuri","type":"products_carousel","title":"Vinuri","link":{"title":"Mai multe","count":1034,"url":"/c/7-bauturi-si-tutun/705-vinuri"},"products":[{"code":"100066166","variantCode":"100066166","name":"Vin rose demisec 0.75l","slug":"100066166-mateus-vin-rose-demisec-0-75l","unitPriceLabel":"27,99 Lei/l","brand":"Mateus","brandCode":"1098","brandFilterCode":"mateus-b1099","sku":"100066166","price":20.99,"originalPrice":null,"currencyCode":"RON","currency":"Lei","image":{"thumbnail":{"default":"https://cdn.freshful.ro/media/cache/sylius_shop_product_thumbnail/c0/43/0a679bb5ae355454dae9c824826e.jpg"},"large":{"default":"https://cdn.freshful.ro/media/cache/freshful_large/c0/43/0a679bb5ae355454dae9c824826e.jpg"},"extralarge":{"default":"https://cdn.freshful.ro/media/cache/sylius_shop_product_original/c0/43/0a679bb5ae355454dae9c824826e.jpg"}},"label":{"text":"Profită acum","backgroundColor":"#FF9903","textColor":"#FFFFFF"},"tags":[],"isAvailable":true,"maxAvailableQuantity":2,"maxAllowedQuantity":2,"breadcrumbs":[{"code":"7","name":"Băuturi","slug":"7-bauturi-si-tutun"},{"code":"705","name":"Vinuri","slug":"705-vinuri"},{"code":"70506","name":"Vinuri internaționale","slug":"70506-vinuri-internationale"},{"code":"100066166","name":"Vin rose demisec 0.75l","slug":"100066166-mateus-vin-rose-demisec-0-75l"}],"activePromotion":{"code":"special-bacanie-bauturi-mar23","name":"Preț avantajos","targetQuantity":null},"saveMe":null,"labels":[{"type":"v1","items":[{"text":"Profită acum","backgroundColor":"#FF9903","textColor":"#FFFFFF"}]}],"geniusPrice":null,"geniusUnitPricePerLabel":null,"banner":{"text":"Preț avantajos","textColor":"#F95510","bgColor":"#FEF1CD","icon":null,"link":"https://www.freshful.ro/oferte/special-bacanie-bauturi-mar23","type":"promo","analyticsEventType":"select_promotion","analyticsEventPayload":{"promotion_id":"special-bacanie-bauturi-mar23","promotion_name":"Prețuri speciale pentru Ziua Femeii"}},"discountLabel":null,"geniusDiscountLabel":null,"badge":null},{"code":"100110752","variantCode":"100110752","name":"Vin roșu sec Rară Neagră & Saperavi 0.75l ","slug":"100110752-domeniile-davidescu-vin-rosu-sec-rara-neagra-saperavi-0-75l","unitPriceLabel":"39,72 Lei/l","brand":"Domeniile Davidescu","brandCode":"1836","brandFilterCode":"domeniile-davidescu-b1840","sku":"100110752","price":29.79,"originalPrice":34.99,"currencyCode":"RON","currency":"Lei","image":{"thumbnail":{"default":"https://cdn.freshful.ro/media/cache/sylius_shop_product_thumbnail/f1/70/aa6cd6a0e37ed7fc8e33599b6fe8.jpg"},"large":{"default":"https://cdn.freshful.ro/media/cache/freshful_large/f1/70/aa6cd6a0e37ed7fc8e33599b6fe8.jpg"},"extralarge":{"default":"https://cdn.freshful.ro/media/cache/sylius_shop_product_original/f1/70/aa6cd6a0e37ed7fc8e33599b6fe8.jpg"}},"label":{"text":"-14%","backgroundColor":"#FF9903","textColor":"#FFFFFF"},"tags":[],"isAvailable":true,"maxAvailableQuantity":2,"maxAllowedQuantity":2,"breadcrumbs":[{"code":"7","name":"Băuturi","slug":"7-bauturi-si-tutun"},{"code":"705","name":"Vinuri","slug":"705-vinuri"},{"code":"70506","name":"Vinuri internaționale","slug":"70506-vinuri-internationale"},{"code":"100110752","name":"Vin roșu sec Rară Neagră & Saperavi 0.75l ","slug":"100110752-domeniile-davidescu-vin-rosu-sec-rara-neagra-saperavi-0-75l"}],"activePromotion":{"code":"superpreturile-saptamanii","name":"Preț redus","targetQuantity":null},"saveMe":null,"labels":[{"type":"v1","items":[{"text":"-14%","backgroundColor":"#FF9903","textColor":"#FFFFFF"}]}],"geniusPrice":null,"geniusUnitPricePerLabel":null,"banner":{"text":"Super preț","textColor":"#FF0000","bgColor":"#FFF2EC","icon":null,"link":"https://www.freshful.ro/oferte/superpreturile-saptamanii","type":"promo","analyticsEventType":"select_promotion","analyticsEventPayload":{"promotion_id":"superpreturile-saptamanii","promotion_name":"Superprețurile zilei"}},"discountLabel":"Economisești 14%","geniusDiscountLabel":null,"badge":null},{"code":"100110279","variantCode":"100110279","name":"Vin roșu dulce Chocolate Sweet, 12.5%, 0.75l ","slug":"100110279-tohani-wine-chocolate-vin-rosu-dulce-chocolate-sweet-12-5-0-75l","unitPriceLabel":"39,99 Lei/l","brand":"Tohani Wine Chocolate","brandCode":"2587","brandFilterCode":"tohani-wine-chocolate-b2591","sku":"100110279","price":29.99,"originalPrice":35.5,"currencyCode":"RON","currency":"Lei","image":{"thumbnail":{"default":"https://cdn.freshful.ro/media/cache/sylius_shop_product_thumbnail/c7/41/9075785f4288bf6e4ce928da1cf9.jpg"},"large":{"default":"https://cdn.freshful.ro/media/cache/freshful_large/c7/41/9075785f4288bf6e4ce928da1cf9.jpg"},"extralarge":{"default":"https://cdn.freshful.ro/media/cache/sylius_shop_product_original/c7/41/9075785f4288bf6e4ce928da1cf9.jpg"}},"label":{"text":"-15%","backgroundColor":"#FF9903","textColor":"#FFFFFF"},"tags":[{"type":"MadeInRomania","text":"Made In Romania","icon":"https://cdn.freshful.ro/assets/product_tags/made_in_romania.svg","iconPng":"https://cdn.freshful.ro/assets/product_tags/made_in_romania.png","backgroundColor":"#EDF2FD","textColor":"#1653CA"}],"isAvailable":true,"maxAvailableQuantity":5,"maxAllowedQuantity":100,"breadcrumbs":[{"code":"7","name":"Băuturi","slug":"7-bauturi-si-tutun"},{"code":"705","name":"Vinuri","slug":"705-vinuri"},{"code":"70504","name":"Vinuri roșii românești","slug":"70504-vinuri-rosii-romanesti"},{"code":"100110279","name":"Vin roșu dulce Chocolate Sweet, 12.5%, 0.75l ","slug":"100110279-tohani-wine-chocolate-vin-rosu-dulce-chocolate-sweet-12-5-0-75l"}],"activePromotion":{"code":"special-bacanie-bauturi-mar23","name":"Preț redus","targetQuantity":null},"saveMe":null,"labels":[{"type":"v1","items":[{"text":"-15%","backgroundColor":"#FF9903","textColor":"#FFFFFF"}]}],"geniusPrice":null,"geniusUnitPricePerLabel":null,"banner":{"text":"Super preț","textColor":"#FF0000","bgColor":"#FFF2EC","icon":null,"link":"https://www.freshful.ro/oferte/special-bacanie-bauturi-mar23","type":"promo","analyticsEventType":"select_promotion","analyticsEventPayload":{"promotion_id":"special-bacanie-bauturi-mar23","promotion_name":"Prețuri speciale pentru Ziua Femeii"}},"discountLabel":"Economisești 15%","geniusDiscountLabel":null,"badge":null},{"code":"100071670","variantCode":"100071670","name":"Vin spumant alb brut Prosecco Treviso 0.75l","slug":"100071670-mionetto-vin-spumant-alb-brut-prosecco-treviso-0-75l","unitPriceLabel":"48 Lei/l","brand":"Mionetto","brandCode":"1110","brandFilterCode":"mionetto-b1111","sku":"100071670","price":36,"originalPrice":null,"currencyCode":"RON","currency":"Lei","image":{"thumbnail":{"default":"https://cdn.freshful.ro/media/cache/sylius_shop_product_thumbnail/e9/19/abe79268647a88847702e5770d11.jpg"},"large":{"default":"https://cdn.freshful.ro/media/cache/freshful_large/e9/19/abe79268647a88847702e5770d11.jpg"},"extralarge":{"default":"https://cdn.freshful.ro/media/cache/sylius_shop_product_original/e9/19/abe79268647a88847702e5770d11.jpg"}},"label":{"text":"Profită acum","backgroundColor":"#FF9903","textColor":"#FFFFFF"},"tags":[],"isAvailable":true,"maxAvailableQuantity":100,"maxAllowedQuantity":100,"breadcrumbs":[{"code":"7","name":"Băuturi","slug":"7-bauturi-si-tutun"},{"code":"705","name":"Vinuri","slug":"705-vinuri"},{"code":"70501","name":"Șampanie și spumant","slug":"70501-sampanie-si-spumant"},{"code":"100071670","name":"Vin spumant alb brut Prosecco Treviso 0.75l","slug":"100071670-mionetto-vin-spumant-alb-brut-prosecco-treviso-0-75l"}],"activePromotion":{"code":"superpreturile-saptamanii","name":"Preț avantajos","targetQuantity":null},"saveMe":null,"labels":[{"type":"v1","items":[{"text":"Profită acum","backgroundColor":"#FF9903","textColor":"#FFFFFF"}]}],"geniusPrice":null,"geniusUnitPricePerLabel":null,"banner":{"text":"Preț avantajos","textColor":"#F95510","bgColor":"#FEF1CD","icon":null,"link":"https://www.freshful.ro/oferte/superpreturile-saptamanii","type":"promo","analyticsEventType":"select_promotion","analyticsEventPayload":{"promotion_id":"superpreturile-saptamanii","promotion_name":"Superprețurile zilei"}},"discountLabel":null,"geniusDiscountLabel":null,"badge":null},{"code":"100075297","variantCode":"100075297","name":"Vin alb demisec Sauvignon Blanc, 13%, 0.75l","slug":"100075297-budureasca-clasic-vin-alb-demisec-sauvignon-blanc-13-0-75l","unitPriceLabel":"29,32 Lei/l","brand":"Budureasca Clasic","brandCode":"1343","brandFilterCode":"budureasca-clasic-b1356","sku":"100075297","price":21.99,"originalPrice":null,"currencyCode":"RON","currency":"Lei","image":{"thumbnail":{"default":"https://cdn.freshful.ro/media/cache/sylius_shop_product_thumbnail/0f/47/80484c675fb88171a1600d1cc798.jpg"},"large":{"default":"https://cdn.freshful.ro/media/cache/freshful_large/0f/47/80484c675fb88171a1600d1cc798.jpg"},"extralarge":{"default":"https://cdn.freshful.ro/media/cache/sylius_shop_product_original/0f/47/80484c675fb88171a1600d1cc798.jpg"}},"label":{"text":"Profită acum","backgroundColor":"#FF9903","textColor":"#FFFFFF"},"tags":[{"type":"MadeInRomania","text":"Made In Romania","icon":"https://cdn.freshful.ro/assets/product_tags/made_in_romania.svg","iconPng":"https://cdn.freshful.ro/assets/product_tags/made_in_romania.png","backgroundColor":"#EDF2FD","textColor":"#1653CA"}],"isAvailable":true,"maxAvailableQuantity":100,"maxAllowedQuantity":100,"breadcrumbs":[{"code":"7","name":"Băuturi","slug":"7-bauturi-si-tutun"},{"code":"705","name":"Vinuri","slug":"705-vinuri"},{"code":"70503","name":"Vinuri albe românești","slug":"70503-vinuri-albe-romanesti"},{"code":"100075297","name":"Vin alb demisec Sauvignon Blanc, 13%, 0.75l","slug":"100075297-budureasca-clasic-vin-alb-demisec-sauvignon-blanc-13-0-75l"}],"activePromotion":{"code":"special-bacanie-bauturi-mar23","name":"Preț avantajos","targetQuantity":null},"saveMe":null,"labels":[{"type":"v1","items":[{"text":"Profită acum","backgroundColor":"#FF9903","textColor":"#FFFFFF"}]}],"geniusPrice":null,"geniusUnitPricePerLabel":null,"banner":{"text":"Preț avantajos","textColor":"#F95510","bgColor":"#FEF1CD","icon":null,"link":"https://www.freshful.ro/oferte/special-bacanie-bauturi-mar23","type":"promo","analyticsEventType":"select_promotion","analyticsEventPayload":{"promotion_id":"special-bacanie-bauturi-mar23","promotion_name":"Prețuri speciale pentru Ziua Femeii"}},"discountLabel":null,"geniusDiscountLabel":null,"badge":null},{"code":"100110278","variantCode":"100110278","name":"Vin roșu demisec Chocolate Dark, 13%, 0.75l ","slug":"100110278-tohani-wine-chocolate-vin-rosu-demisec-chocolate-dark-13-0-75l","unitPriceLabel":"39,99 Lei/l","brand":"Tohani Wine Chocolate","brandCode":"2587","brandFilterCode":"tohani-wine-chocolate-b2591","sku":"100110278","price":29.99,"originalPrice":null,"currencyCode":"RON","currency":"Lei","image":{"thumbnail":{"default":"https://cdn.freshful.ro/media/cache/sylius_shop_product_thumbnail/44/70/11be309eb08d74faa499401863d3.jpg"},"large":{"default":"https://cdn.freshful.ro/media/cache/freshful_large/44/70/11be309eb08d74faa499401863d3.jpg"},"extralarge":{"default":"https://cdn.freshful.ro/media/cache/sylius_shop_product_original/44/70/11be309eb08d74faa499401863d3.jpg"}},"label":{"text":"Profită acum","backgroundColor":"#FF9903","textColor":"#FFFFFF"},"tags":[{"type":"MadeInRomania","text":"Made In Romania","icon":"https://cdn.freshful.ro/assets/product_tags/made_in_romania.svg","iconPng":"https://cdn.freshful.ro/assets/product_tags/made_in_romania.png","backgroundColor":"#EDF2FD","textColor":"#1653CA"}],"isAvailable":true,"maxAvailableQuantity":6,"maxAllowedQuantity":100,"breadcrumbs":[{"code":"7","name":"Băuturi","slug":"7-bauturi-si-tutun"},{"code":"705","name":"Vinuri","slug":"705-vinuri"},{"code":"70504","name":"Vinuri roșii românești","slug":"70504-vinuri-rosii-romanesti"},{"code":"100110278","name":"Vin roșu demisec Chocolate Dark, 13%, 0.75l ","slug":"100110278-tohani-wine-chocolate-vin-rosu-demisec-chocolate-dark-13-0-75l"}],"activePromotion":{"code":"special-bacanie-bauturi-mar23","name":"Preț avantajos","targetQuantity":null},"saveMe":null,"labels":[{"type":"v1","items":[{"text":"Profită acum","backgroundColor":"#FF9903","textColor":"#FFFFFF"}]}],"geniusPrice":null,"geniusUnitPricePerLabel":null,"banner":{"text":"Preț avantajos","textColor":"#F95510","bgColor":"#FEF1CD","icon":null,"link":"https://www.freshful.ro/oferte/special-bacanie-bauturi-mar23","type":"promo","analyticsEventType":"select_promotion","analyticsEventPayload":{"promotion_id":"special-bacanie-bauturi-mar23","promotion_name":"Prețuri speciale pentru Ziua Femeii"}},"discountLabel":null,"geniusDiscountLabel":null,"badge":null},{"code":"100080110","variantCode":"100080110","name":"Vin spumant rose demidulce Bella Vita 0.75l","slug":"100080110-zarea-lambrusco-vin-spumant-rose-demidulce-bella-vita-0-75l","unitPriceLabel":"27,99 Lei/l","brand":"Zarea Lambrusco","brandCode":"1383","brandFilterCode":"zarea-lambrusco-b1387","sku":"100080110","price":20.99,"originalPrice":null,"currencyCode":"RON","currency":"Lei","image":{"thumbnail":{"default":"https://cdn.freshful.ro/media/cache/sylius_shop_product_thumbnail/5d/7a/831e9e1af9bcc8501f5b3c82d11c.jpg"},"large":{"default":"https://cdn.freshful.ro/media/cache/freshful_large/5d/7a/831e9e1af9bcc8501f5b3c82d11c.jpg"},"extralarge":{"default":"https://cdn.freshful.ro/media/cache/sylius_shop_product_original/5d/7a/831e9e1af9bcc8501f5b3c82d11c.jpg"}},"label":{"text":"Profită acum","backgroundColor":"#FF9903","textColor":"#FFFFFF"},"tags":[],"isAvailable":true,"maxAvailableQuantity":38,"maxAllowedQuantity":100,"breadcrumbs":[{"code":"7","name":"Băuturi","slug":"7-bauturi-si-tutun"},{"code":"705","name":"Vinuri","slug":"705-vinuri"},{"code":"70501","name":"Șampanie și spumant","slug":"70501-sampanie-si-spumant"},{"code":"100080110","name":"Vin spumant rose demidulce Bella Vita 0.75l","slug":"100080110-zarea-lambrusco-vin-spumant-rose-demidulce-bella-vita-0-75l"}],"activePromotion":{"code":"special-bacanie-bauturi-mar23","name":"Preț avantajos","targetQuantity":null},"saveMe":null,"labels":[{"type":"v1","items":[{"text":"Profită acum","backgroundColor":"#FF9903","textColor":"#FFFFFF"}]}],"geniusPrice":null,"geniusUnitPricePerLabel":null,"banner":{"text":"Preț avantajos","textColor":"#F95510","bgColor":"#FEF1CD","icon":null,"link":"https://www.freshful.ro/oferte/special-bacanie-bauturi-mar23","type":"promo","analyticsEventType":"select_promotion","analyticsEventPayload":{"promotion_id":"special-bacanie-bauturi-mar23","promotion_name":"Prețuri speciale pentru Ziua Femeii"}},"discountLabel":null,"geniusDiscountLabel":null,"badge":null},{"code":"100110280","variantCode":"100110280","name":"Ice Wine, vin alb dulce Tamâioasă Românească, 10%, 375ml","slug":"100110280-tohani-flori-de-gheata-ice-wine-vin-alb-dulce-tamaioasa-romaneasca-10-375ml","unitPriceLabel":"119,97 Lei/l","brand":"Tohani Flori de Gheata","brandCode":"2584","brandFilterCode":"tohani-flori-de-gheata-b2588","sku":"100110280","price":44.99,"originalPrice":52.5,"currencyCode":"RON","currency":"Lei","image":{"thumbnail":{"default":"https://cdn.freshful.ro/media/cache/sylius_shop_product_thumbnail/a5/5a/26c5e646f981f7c3f52f2c01b7ee.jpg"},"large":{"default":"https://cdn.freshful.ro/media/cache/freshful_large/a5/5a/26c5e646f981f7c3f52f2c01b7ee.jpg"},"extralarge":{"default":"https://cdn.freshful.ro/media/cache/sylius_shop_product_original/a5/5a/26c5e646f981f7c3f52f2c01b7ee.jpg"}},"label":{"text":"-14%","backgroundColor":"#FF9903","textColor":"#FFFFFF"},"tags":[{"type":"MadeInRomania","text":"Made In Romania","icon":"https://cdn.freshful.ro/assets/product_tags/made_in_romania.svg","iconPng":"https://cdn.freshful.ro/assets/product_tags/made_in_romania.png","backgroundColor":"#EDF2FD","textColor":"#1653CA"}],"isAvailable":true,"maxAvailableQuantity":15,"maxAllowedQuantity":100,"breadcrumbs":[{"code":"7","name":"Băuturi","slug":"7-bauturi-si-tutun"},{"code":"705","name":"Vinuri","slug":"705-vinuri"},{"code":"70503","name":"Vinuri albe românești","slug":"70503-vinuri-albe-romanesti"},{"code":"100110280","name":"Ice Wine, vin alb dulce Tamâioasă Românească, 10%, 375ml","slug":"100110280-tohani-flori-de-gheata-ice-wine-vin-alb-dulce-tamaioasa-romaneasca-10-375ml"}],"activePromotion":{"code":"special-bacanie-bauturi-mar23","name":"Preț redus","targetQuantity":null},"saveMe":null,"labels":[{"type":"v1","items":[{"text":"-14%","backgroundColor":"#FF9903","textColor":"#FFFFFF"}]}],"geniusPrice":null,"geniusUnitPricePerLabel":null,"banner":{"text":"Super preț","textColor":"#FF0000","bgColor":"#FFF2EC","icon":null,"link":"https://www.freshful.ro/oferte/special-bacanie-bauturi-mar23","type":"promo","analyticsEventType":"select_promotion","analyticsEventPayload":{"promotion_id":"special-bacanie-bauturi-mar23","promotion_name":"Prețuri speciale pentru Ziua Femeii"}},"discountLabel":"Economisești 14%","geniusDiscountLabel":null,"badge":null},{"code":"100093962","variantCode":"100093962","name":"Vin roșu sec Cupaj Fetească Neagră, Cabernet Sauvignon, Merlot, Shiraz 14.5%, 0.75l","slug":"100093962-dragaica-rosie-vin-rosu-sec-cupaj-feteasca-neagra-cabernet-sauvignon-merlot-shiraz-14-5-0-75l","unitPriceLabel":"66,65 Lei/l","brand":"Drăgaică Roșie","brandCode":"1583","brandFilterCode":"dragaica-rosie-b1587","sku":"100093962","price":49.99,"originalPrice":null,"currencyCode":"RON","currency":"Lei","image":{"thumbnail":{"default":"https://cdn.freshful.ro/media/cache/sylius_shop_product_thumbnail/d9/7a/23fb2f84fdc8e3da03ba0d78566f.jpg"},"large":{"default":"https://cdn.freshful.ro/media/cache/freshful_large/d9/7a/23fb2f84fdc8e3da03ba0d78566f.jpg"},"extralarge":{"default":"https://cdn.freshful.ro/media/cache/sylius_shop_product_original/d9/7a/23fb2f84fdc8e3da03ba0d78566f.jpg"}},"label":{"text":"Profită acum","backgroundColor":"#FF9903","textColor":"#FFFFFF"},"tags":[{"type":"MadeInRomania","text":"Made In Romania","icon":"https://cdn.freshful.ro/assets/product_tags/made_in_romania.svg","iconPng":"https://cdn.freshful.ro/assets/product_tags/made_in_romania.png","backgroundColor":"#EDF2FD","textColor":"#1653CA"}],"isAvailable":true,"maxAvailableQuantity":34,"maxAllowedQuantity":100,"breadcrumbs":[{"code":"7","name":"Băuturi","slug":"7-bauturi-si-tutun"},{"code":"705","name":"Vinuri","slug":"705-vinuri"},{"code":"70504","name":"Vinuri roșii românești","slug":"70504-vinuri-rosii-romanesti"},{"code":"100093962","name":"Vin roșu sec Cupaj Fetească Neagră, Cabernet Sauvignon, Merlot, Shiraz 14.5%, 0.75l","slug":"100093962-dragaica-rosie-vin-rosu-sec-cupaj-feteasca-neagra-cabernet-sauvignon-merlot-shiraz-14-5-0-75l"}],"activePromotion":{"code":"special-bacanie-bauturi-mar23","name":"Preț avantajos","targetQuantity":null},"saveMe":null,"labels":[{"type":"v1","items":[{"text":"Profită acum","backgroundColor":"#FF9903","textColor":"#FFFFFF"}]}],"geniusPrice":null,"geniusUnitPricePerLabel":null,"banner":{"text":"Preț avantajos","textColor":"#F95510","bgColor":"#FEF1CD","icon":null,"link":"https://www.freshful.ro/oferte/special-bacanie-bauturi-mar23","type":"promo","analyticsEventType":"select_promotion","analyticsEventPayload":{"promotion_id":"special-bacanie-bauturi-mar23","promotion_name":"Prețuri speciale pentru Ziua Femeii"}},"discountLabel":null,"geniusDiscountLabel":null,"badge":null},{"code":"100133840","variantCode":"100133840","name":"Vin rose demisec Merlot & Cabernet Sauvignon Night, 12.5%, 0.75l","slug":"100133840-recas-muse-vin-rose-demisec-merlot-cabernet-sauvignon-night-12-5-0-75l","unitPriceLabel":"79,99 Lei/l","brand":"Recaș Muse","brandCode":"2538","brandFilterCode":"recas-muse-b2542","sku":"100133840","price":59.99,"originalPrice":64.99,"currencyCode":"RON","currency":"Lei","image":{"thumbnail":{"default":"https://cdn.freshful.ro/media/cache/sylius_shop_product_thumbnail/22/92/ff81839e8bf184241837c69ecd9b.jpg"},"large":{"default":"https://cdn.freshful.ro/media/cache/freshful_large/22/92/ff81839e8bf184241837c69ecd9b.jpg"},"extralarge":{"default":"https://cdn.freshful.ro/media/cache/sylius_shop_product_original/22/92/ff81839e8bf184241837c69ecd9b.jpg"}},"label":{"text":"-7%","backgroundColor":"#FF9903","textColor":"#FFFFFF"},"tags":[{"type":"MadeInRomania","text":"Made In Romania","icon":"https://cdn.freshful.ro/assets/product_tags/made_in_romania.svg","iconPng":"https://cdn.freshful.ro/assets/product_tags/made_in_romania.png","backgroundColor":"#EDF2FD","textColor":"#1653CA"}],"isAvailable":true,"maxAvailableQuantity":58,"maxAllowedQuantity":100,"breadcrumbs":[{"code":"7","name":"Băuturi","slug":"7-bauturi-si-tutun"},{"code":"705","name":"Vinuri","slug":"705-vinuri"},{"code":"70505","name":"Vinuri rose românești","slug":"70505-vinuri-roze-romanesti"},{"code":"100133840","name":"Vin rose demisec Merlot & Cabernet Sauvignon Night, 12.5%, 0.75l","slug":"100133840-recas-muse-vin-rose-demisec-merlot-cabernet-sauvignon-night-12-5-0-75l"}],"activePromotion":{"code":"special-bacanie-bauturi-mar23","name":"Preț redus","targetQuantity":null},"saveMe":null,"labels":[{"type":"v1","items":[{"text":"-7%","backgroundColor":"#FF9903","textColor":"#FFFFFF"}]}],"geniusPrice":null,"geniusUnitPricePerLabel":null,"banner":{"text":"Super preț","textColor":"#FF0000","bgColor":"#FFF2EC","icon":null,"link":"https://www.freshful.ro/oferte/special-bacanie-bauturi-mar23","type":"promo","analyticsEventType":"select_promotion","analyticsEventPayload":{"promotion_id":"special-bacanie-bauturi-mar23","promotion_name":"Prețuri speciale pentru Ziua Femeii"}},"discountLabel":"Economisești 7%","geniusDiscountLabel":null,"badge":null}]},{"analyticsListId":"category-slot_706-bauturi-spirtoase","analyticsListName":"Category Slot - Băuturi spirtoase","type":"products_carousel","title":"Băuturi spirtoase","link":{"title":"Mai multe","count":436,"url":"/c/7-bauturi-si-tutun/706-bauturi-spirtoase"},"products":[{"code":"100122155","variantCode":"100122155","name":"Lichior cafea 15.5% alc. 0.5l","slug":"100122155-sheridan-s-lichior-cafea-15-5-alc-0-5l","unitPriceLabel":"111,98 Lei/l","brand":"Sheridan's","brandCode":"2123","brandFilterCode":"sheridan-s-b2127","sku":"100122155","price":55.99,"originalPrice":66.99,"currencyCode":"RON","currency":"Lei","image":{"thumbnail":{"default":"https://cdn.freshful.ro/media/cache/sylius_shop_product_thumbnail/d3/bf/1f22afa570fcbc89a7859dbd9b8d.jpg"},"large":{"default":"https://cdn.freshful.ro/media/cache/freshful_large/d3/bf/1f22afa570fcbc89a7859dbd9b8d.jpg"},"extralarge":{"default":"https://cdn.freshful.ro/media/cache/sylius_shop_product_original/d3/bf/1f22afa570fcbc89a7859dbd9b8d.jpg"}},"label":{"text":"-16%","backgroundColor":"#FF9903","textColor":"#FFFFFF"},"tags":[],"isAvailable":true,"maxAvailableQuantity":63,"maxAllowedQuantity":100,"breadcrumbs":[{"code":"7","name":"Băuturi","slug":"7-bauturi-si-tutun"},{"code":"706","name":"Băuturi spirtoase","slug":"706-bauturi-spirtoase"},{"code":"70602","name":"Lichior","slug":"70602-lichior"},{"code":"100122155","name":"Lichior cafea 15.5% alc. 0.5l","slug":"100122155-sheridan-s-lichior-cafea-15-5-alc-0-5l"}],"activePromotion":{"code":"special-bacanie-bauturi-mar23","name":"Preț redus","targetQuantity":null},"saveMe":null,"labels":[{"type":"v1","items":[{"text":"-16%","backgroundColor":"#FF9903","textColor":"#FFFFFF"}]}],"geniusPrice":null,"geniusUnitPricePerLabel":null,"banner":{"text":"Super preț","textColor":"#FF0000","bgColor":"#FFF2EC","icon":null,"link":"https://www.freshful.ro/oferte/special-bacanie-bauturi-mar23","type":"promo","analyticsEventType":"select_promotion","analyticsEventPayload":{"promotion_id":"special-bacanie-bauturi-mar23","promotion_name":"Prețuri speciale pentru Ziua Femeii"}},"discountLabel":"Economisești 16%","geniusDiscountLabel":null,"badge":null},{"code":"100080742","variantCode":"100080742","name":"Gin London Dry Pink 37.5% alc. 0.7l","slug":"100080742-wembley-gin-london-dry-pink-37-5-alc-0-7l","unitPriceLabel":"58,56 Lei/l","brand":"Wembley","brandCode":"1397","brandFilterCode":"wembley-b1401","sku":"100080742","price":40.99,"originalPrice":null,"currencyCode":"RON","currency":"Lei","image":{"thumbnail":{"default":"https://cdn.freshful.ro/media/cache/sylius_shop_product_thumbnail/1b/42/81c99a4df607e4ef387997cdc720.jpg"},"large":{"default":"https://cdn.freshful.ro/media/cache/freshful_large/1b/42/81c99a4df607e4ef387997cdc720.jpg"},"extralarge":{"default":"https://cdn.freshful.ro/media/cache/sylius_shop_product_original/1b/42/81c99a4df607e4ef387997cdc720.jpg"}},"label":{"text":"Profită acum","backgroundColor":"#FF9903","textColor":"#FFFFFF"},"tags":[],"isAvailable":true,"maxAvailableQuantity":2,"maxAllowedQuantity":2,"breadcrumbs":[{"code":"7","name":"Băuturi","slug":"7-bauturi-si-tutun"},{"code":"706","name":"Băuturi spirtoase","slug":"706-bauturi-spirtoase"},{"code":"70609","name":"Gin","slug":"70609-gin"},{"code":"100080742","name":"Gin London Dry Pink 37.5% alc. 0.7l","slug":"100080742-wembley-gin-london-dry-pink-37-5-alc-0-7l"}],"activePromotion":{"code":"special-bacanie-bauturi-mar23","name":"Preț avantajos","targetQuantity":null},"saveMe":null,"labels":[{"type":"v1","items":[{"text":"Profită acum","backgroundColor":"#FF9903","textColor":"#FFFFFF"}]}],"geniusPrice":null,"geniusUnitPricePerLabel":null,"banner":{"text":"Preț avantajos","textColor":"#F95510","bgColor":"#FEF1CD","icon":null,"link":"https://www.freshful.ro/oferte/special-bacanie-bauturi-mar23","type":"promo","analyticsEventType":"select_promotion","analyticsEventPayload":{"promotion_id":"special-bacanie-bauturi-mar23","promotion_name":"Prețuri speciale pentru Ziua Femeii"}},"discountLabel":null,"geniusDiscountLabel":null,"badge":null},{"code":"100074639","variantCode":"100074639","name":"Aperitiv 11% alc. 1l","slug":"100074639-aperol-aperitiv-11-alc-1l","unitPriceLabel":"69,99 Lei/l","brand":"Aperol","brandCode":"1258","brandFilterCode":"aperol-b1272","sku":"100074639","price":69.99,"originalPrice":null,"currencyCode":"RON","currency":"Lei","image":{"thumbnail":{"default":"https://cdn.freshful.ro/media/cache/sylius_shop_product_thumbnail/45/e1/d8a7bd30e7669a68d5166b805431.jpg"},"large":{"default":"https://cdn.freshful.ro/media/cache/freshful_large/45/e1/d8a7bd30e7669a68d5166b805431.jpg"},"extralarge":{"default":"https://cdn.freshful.ro/media/cache/sylius_shop_product_original/45/e1/d8a7bd30e7669a68d5166b805431.jpg"}},"label":{"text":"Profită acum","backgroundColor":"#FF9903","textColor":"#FFFFFF"},"tags":[],"isAvailable":true,"maxAvailableQuantity":57,"maxAllowedQuantity":100,"breadcrumbs":[{"code":"7","name":"Băuturi","slug":"7-bauturi-si-tutun"},{"code":"706","name":"Băuturi spirtoase","slug":"706-bauturi-spirtoase"},{"code":"70601","name":"Aperitive","slug":"70601-aperitive"},{"code":"100074639","name":"Aperitiv 11% alc. 1l","slug":"100074639-aperol-aperitiv-11-alc-1l"}],"activePromotion":{"code":"special-bacanie-bauturi-mar23","name":"Preț avantajos","targetQuantity":null},"saveMe":null,"labels":[{"type":"v1","items":[{"text":"Profită acum","backgroundColor":"#FF9903","textColor":"#FFFFFF"}]}],"geniusPrice":null,"geniusUnitPricePerLabel":null,"banner":{"text":"Preț avantajos","textColor":"#F95510","bgColor":"#FEF1CD","icon":null,"link":"https://www.freshful.ro/oferte/special-bacanie-bauturi-mar23","type":"promo","analyticsEventType":"select_promotion","analyticsEventPayload":{"promotion_id":"special-bacanie-bauturi-mar23","promotion_name":"Prețuri speciale pentru Ziua Femeii"}},"discountLabel":null,"geniusDiscountLabel":null,"badge":null},{"code":"100074469","variantCode":"100074469","name":"Mojito 5.5% alc. 0.275l","slug":"100074469-mg-mojito-5-5-alc-0-275l","unitPriceLabel":"36,33 Lei/l","brand":"MG","brandCode":"1238","brandFilterCode":"mg-b1239","sku":"100074469","price":9.99,"originalPrice":null,"currencyCode":"RON","currency":"Lei","image":{"thumbnail":{"default":"https://cdn.freshful.ro/media/cache/sylius_shop_product_thumbnail/46/e9/3ebe120bc0a627a8b550c4fda3f3.jpg"},"large":{"default":"https://cdn.freshful.ro/media/cache/freshful_large/46/e9/3ebe120bc0a627a8b550c4fda3f3.jpg"},"extralarge":{"default":"https://cdn.freshful.ro/media/cache/sylius_shop_product_original/46/e9/3ebe120bc0a627a8b550c4fda3f3.jpg"}},"label":{"text":"Profită acum","backgroundColor":"#FF9903","textColor":"#FFFFFF"},"tags":[],"isAvailable":true,"maxAvailableQuantity":82,"maxAllowedQuantity":100,"breadcrumbs":[{"code":"7","name":"Băuturi","slug":"7-bauturi-si-tutun"},{"code":"706","name":"Băuturi spirtoase","slug":"706-bauturi-spirtoase"},{"code":"70604","name":"Cocktail și premix","slug":"70604-cocktail-si-premix"},{"code":"100074469","name":"Mojito 5.5% alc. 0.275l","slug":"100074469-mg-mojito-5-5-alc-0-275l"}],"activePromotion":{"code":"special-bacanie-bauturi-mar23","name":"Preț avantajos","targetQuantity":null},"saveMe":null,"labels":[{"type":"v1","items":[{"text":"Profită acum","backgroundColor":"#FF9903","textColor":"#FFFFFF"}]}],"geniusPrice":null,"geniusUnitPricePerLabel":null,"banner":{"text":"Preț avantajos","textColor":"#F95510","bgColor":"#FEF1CD","icon":null,"link":"https://www.freshful.ro/oferte/special-bacanie-bauturi-mar23","type":"promo","analyticsEventType":"select_promotion","analyticsEventPayload":{"promotion_id":"special-bacanie-bauturi-mar23","promotion_name":"Prețuri speciale pentru Ziua Femeii"}},"discountLabel":null,"geniusDiscountLabel":null,"badge":null},{"code":"100074464","variantCode":"100074464","name":"Lichior Triple Sec 18% alc. 0.7l","slug":"100074464-bv-land-lichior-triple-sec-18-alc-0-7l","unitPriceLabel":"71,41 Lei/l","brand":"BV Land","brandCode":"1235","brandFilterCode":"bv-land-b1236","sku":"100074464","price":49.99,"originalPrice":null,"currencyCode":"RON","currency":"Lei","image":{"thumbnail":{"default":"https://cdn.freshful.ro/media/cache/sylius_shop_product_thumbnail/b9/3d/54e225a4fa6bf6f9e1dd3d3b49b8.jpg"},"large":{"default":"https://cdn.freshful.ro/media/cache/freshful_large/b9/3d/54e225a4fa6bf6f9e1dd3d3b49b8.jpg"},"extralarge":{"default":"https://cdn.freshful.ro/media/cache/sylius_shop_product_original/b9/3d/54e225a4fa6bf6f9e1dd3d3b49b8.jpg"}},"label":{"text":"Profită acum","backgroundColor":"#FF9903","textColor":"#FFFFFF"},"tags":[],"isAvailable":true,"maxAvailableQuantity":48,"maxAllowedQuantity":100,"breadcrumbs":[{"code":"7","name":"Băuturi","slug":"7-bauturi-si-tutun"},{"code":"706","name":"Băuturi spirtoase","slug":"706-bauturi-spirtoase"},{"code":"70602","name":"Lichior","slug":"70602-lichior"},{"code":"100074464","name":"Lichior Triple Sec 18% alc. 0.7l","slug":"100074464-bv-land-lichior-triple-sec-18-alc-0-7l"}],"activePromotion":{"code":"special-bacanie-bauturi-mar23","name":"Preț avantajos","targetQuantity":null},"saveMe":null,"labels":[{"type":"v1","items":[{"text":"Profită acum","backgroundColor":"#FF9903","textColor":"#FFFFFF"}]}],"geniusPrice":null,"geniusUnitPricePerLabel":null,"banner":{"text":"Preț avantajos","textColor":"#F95510","bgColor":"#FEF1CD","icon":null,"link":"https://www.freshful.ro/oferte/special-bacanie-bauturi-mar23","type":"promo","analyticsEventType":"select_promotion","analyticsEventPayload":{"promotion_id":"special-bacanie-bauturi-mar23","promotion_name":"Prețuri speciale pentru Ziua Femeii"}},"discountLabel":null,"geniusDiscountLabel":null,"badge":null},{"code":"100065551","variantCode":"100065551","name":"Limoncello 30% alc. 0.7l","slug":"100065551-garrone-limoncello-30-alc-0-7l","unitPriceLabel":"39,99 Lei/l","brand":"Garrone","brandCode":"926","brandFilterCode":"garrone-b926","sku":"100065551","price":27.99,"originalPrice":null,"currencyCode":"RON","currency":"Lei","image":{"thumbnail":{"default":"https://cdn.freshful.ro/media/cache/sylius_shop_product_thumbnail/13/38/3bf14592390fddffb74e8fe6a8a8.jpg"},"large":{"default":"https://cdn.freshful.ro/media/cache/freshful_large/13/38/3bf14592390fddffb74e8fe6a8a8.jpg"},"extralarge":{"default":"https://cdn.freshful.ro/media/cache/sylius_shop_product_original/13/38/3bf14592390fddffb74e8fe6a8a8.jpg"}},"label":{"text":"Profită acum","backgroundColor":"#FF9903","textColor":"#FFFFFF"},"tags":[],"isAvailable":true,"maxAvailableQuantity":17,"maxAllowedQuantity":100,"breadcrumbs":[{"code":"7","name":"Băuturi","slug":"7-bauturi-si-tutun"},{"code":"706","name":"Băuturi spirtoase","slug":"706-bauturi-spirtoase"},{"code":"70601","name":"Aperitive","slug":"70601-aperitive"},{"code":"100065551","name":"Limoncello 30% alc. 0.7l","slug":"100065551-garrone-limoncello-30-alc-0-7l"}],"activePromotion":{"code":"special-bacanie-bauturi-mar23","name":"Preț avantajos","targetQuantity":null},"saveMe":null,"labels":[{"type":"v1","items":[{"text":"Profită acum","backgroundColor":"#FF9903","textColor":"#FFFFFF"}]}],"geniusPrice":null,"geniusUnitPricePerLabel":null,"banner":{"text":"Preț avantajos","textColor":"#F95510","bgColor":"#FEF1CD","icon":null,"link":"https://www.freshful.ro/oferte/special-bacanie-bauturi-mar23","type":"promo","analyticsEventType":"select_promotion","analyticsEventPayload":{"promotion_id":"special-bacanie-bauturi-mar23","promotion_name":"Prețuri speciale pentru Ziua Femeii"}},"discountLabel":null,"geniusDiscountLabel":null,"badge":null},{"code":"100074642","variantCode":"100074642","name":"Aperitiv Bitter 25% alc. 1l","slug":"100074642-campari-aperitiv-bitter-25-alc-1l","unitPriceLabel":"103,09 Lei/l","brand":"Campari","brandCode":"1259","brandFilterCode":"campari-b1273","sku":"100074642","price":103.09,"originalPrice":null,"currencyCode":"RON","currency":"Lei","image":{"thumbnail":{"default":"https://cdn.freshful.ro/media/cache/sylius_shop_product_thumbnail/4c/d1/21a53bc3c553d017b91c66137cab.jpg"},"large":{"default":"https://cdn.freshful.ro/media/cache/freshful_large/4c/d1/21a53bc3c553d017b91c66137cab.jpg"},"extralarge":{"default":"https://cdn.freshful.ro/media/cache/sylius_shop_product_original/4c/d1/21a53bc3c553d017b91c66137cab.jpg"}},"label":{"text":"Profită acum","backgroundColor":"#FF9903","textColor":"#FFFFFF"},"tags":[],"isAvailable":true,"maxAvailableQuantity":54,"maxAllowedQuantity":100,"breadcrumbs":[{"code":"7","name":"Băuturi","slug":"7-bauturi-si-tutun"},{"code":"706","name":"Băuturi spirtoase","slug":"706-bauturi-spirtoase"},{"code":"70601","name":"Aperitive","slug":"70601-aperitive"},{"code":"100074642","name":"Aperitiv Bitter 25% alc. 1l","slug":"100074642-campari-aperitiv-bitter-25-alc-1l"}],"activePromotion":{"code":"superpreturile-saptamanii","name":"Preț avantajos","targetQuantity":null},"saveMe":null,"labels":[{"type":"v1","items":[{"text":"Profită acum","backgroundColor":"#FF9903","textColor":"#FFFFFF"}]}],"geniusPrice":null,"geniusUnitPricePerLabel":null,"banner":{"text":"Preț avantajos","textColor":"#F95510","bgColor":"#FEF1CD","icon":null,"link":"https://www.freshful.ro/oferte/superpreturile-saptamanii","type":"promo","analyticsEventType":"select_promotion","analyticsEventPayload":{"promotion_id":"superpreturile-saptamanii","promotion_name":"Superprețurile zilei"}},"discountLabel":null,"geniusDiscountLabel":null,"badge":null},{"code":"100128522","variantCode":"100128522","name":"Rom Original 40% alc. 0.7l","slug":"100128522-bumbu-rom-original-40-alc-0-7l","unitPriceLabel":"282,71 Lei/l","brand":"Bumbu","brandCode":"2174","brandFilterCode":"bumbu-b2176","sku":"100128522","price":197.9,"originalPrice":null,"currencyCode":"RON","currency":"Lei","image":{"thumbnail":{"default":"https://cdn.freshful.ro/media/cache/sylius_shop_product_thumbnail/58/fb/7c9e2ab8282d71c5d6dd10d3cd17.jpg"},"large":{"default":"https://cdn.freshful.ro/media/cache/freshful_large/58/fb/7c9e2ab8282d71c5d6dd10d3cd17.jpg"},"extralarge":{"default":"https://cdn.freshful.ro/media/cache/sylius_shop_product_original/58/fb/7c9e2ab8282d71c5d6dd10d3cd17.jpg"}},"label":{"text":"-20% cu Genius","backgroundColor":"#FEF3FA","textColor":"#CD015F"},"tags":[],"isAvailable":true,"maxAvailableQuantity":2,"maxAllowedQuantity":2,"breadcrumbs":[{"code":"7","name":"Băuturi","slug":"7-bauturi-si-tutun"},{"code":"706","name":"Băuturi spirtoase","slug":"706-bauturi-spirtoase"},{"code":"70607","name":"Rom","slug":"70607-rom"},{"code":"100128522","name":"Rom Original 40% alc. 0.7l","slug":"100128522-bumbu-rom-original-40-alc-0-7l"}],"activePromotion":null,"saveMe":null,"labels":[{"type":"gdeals","items":[{"text":"","backgroundColor":"","textColor":""}]},{"type":"v3","items":[{"text":"-20% cu Genius","backgroundColor":"#FEF3FA","textColor":"#CD015F"}]}],"geniusPrice":158.32,"geniusUnitPricePerLabel":"226,17 Lei/l","banner":null,"discountLabel":null,"geniusDiscountLabel":"Economisești 20%","badge":null},{"code":"100071663","variantCode":"100071663","name":"Lichior cremă de tiramisu 15% alc. 0.5l","slug":"100071663-angelli-lichior-crema-de-tiramisu-15-alc-0-5l","unitPriceLabel":"43,98 Lei/l","brand":"Angelli","brandCode":"1108","brandFilterCode":"angelli-b1109","sku":"100071663","price":21.99,"originalPrice":null,"currencyCode":"RON","currency":"Lei","image":{"thumbnail":{"default":"https://cdn.freshful.ro/media/cache/sylius_shop_product_thumbnail/a8/ca/ca742f84397292326d75c8a51c01.jpg"},"large":{"default":"https://cdn.freshful.ro/media/cache/freshful_large/a8/ca/ca742f84397292326d75c8a51c01.jpg"},"extralarge":{"default":"https://cdn.freshful.ro/media/cache/sylius_shop_product_original/a8/ca/ca742f84397292326d75c8a51c01.jpg"}},"label":{"text":"Profită acum","backgroundColor":"#FF9903","textColor":"#FFFFFF"},"tags":[],"isAvailable":true,"maxAvailableQuantity":41,"maxAllowedQuantity":100,"breadcrumbs":[{"code":"7","name":"Băuturi","slug":"7-bauturi-si-tutun"},{"code":"706","name":"Băuturi spirtoase","slug":"706-bauturi-spirtoase"},{"code":"70602","name":"Lichior","slug":"70602-lichior"},{"code":"100071663","name":"Lichior cremă de tiramisu 15% alc. 0.5l","slug":"100071663-angelli-lichior-crema-de-tiramisu-15-alc-0-5l"}],"activePromotion":{"code":"special-bacanie-bauturi-mar23","name":"Preț avantajos","targetQuantity":null},"saveMe":null,"labels":[{"type":"v1","items":[{"text":"Profită acum","backgroundColor":"#FF9903","textColor":"#FFFFFF"}]}],"geniusPrice":null,"geniusUnitPricePerLabel":null,"banner":{"text":"Preț avantajos","textColor":"#F95510","bgColor":"#FEF1CD","icon":null,"link":"https://www.freshful.ro/oferte/special-bacanie-bauturi-mar23","type":"promo","analyticsEventType":"select_promotion","analyticsEventPayload":{"promotion_id":"special-bacanie-bauturi-mar23","promotion_name":"Prețuri speciale pentru Ziua Femeii"}},"discountLabel":null,"geniusDiscountLabel":null,"badge":null},{"code":"100113196","variantCode":"100113196","name":"Vișinată 30% alc. 0.7l","slug":"100113196-bran-visinata-30-alc-0-7l","unitPriceLabel":"99,99 Lei/l","brand":"Bran","brandCode":"1871","brandFilterCode":"bran-b1878","sku":"100113196","price":69.99,"originalPrice":null,"currencyCode":"RON","currency":"Lei","image":{"thumbnail":{"default":"https://cdn.freshful.ro/media/cache/sylius_shop_product_thumbnail/9d/0d/0d59f58d637c65565267075271d2.jpg"},"large":{"default":"https://cdn.freshful.ro/media/cache/freshful_large/9d/0d/0d59f58d637c65565267075271d2.jpg"},"extralarge":{"default":"https://cdn.freshful.ro/media/cache/sylius_shop_product_original/9d/0d/0d59f58d637c65565267075271d2.jpg"}},"label":{"text":"Profită acum","backgroundColor":"#FF9903","textColor":"#FFFFFF"},"tags":[],"isAvailable":true,"maxAvailableQuantity":16,"maxAllowedQuantity":100,"breadcrumbs":[{"code":"7","name":"Băuturi","slug":"7-bauturi-si-tutun"},{"code":"706","name":"Băuturi spirtoase","slug":"706-bauturi-spirtoase"},{"code":"70602","name":"Lichior","slug":"70602-lichior"},{"code":"100113196","name":"Vișinată 30% alc. 0.7l","slug":"100113196-bran-visinata-30-alc-0-7l"}],"activePromotion":{"code":"special-bacanie-bauturi-mar23","name":"Preț avantajos","targetQuantity":null},"saveMe":null,"labels":[{"type":"v1","items":[{"text":"Profită acum","backgroundColor":"#FF9903","textColor":"#FFFFFF"}]}],"geniusPrice":null,"geniusUnitPricePerLabel":null,"banner":{"text":"Preț avantajos","textColor":"#F95510","bgColor":"#FEF1CD","icon":null,"link":"https://www.freshful.ro/oferte/special-bacanie-bauturi-mar23","type":"promo","analyticsEventType":"select_promotion","analyticsEventPayload":{"promotion_id":"special-bacanie-bauturi-mar23","promotion_name":"Prețuri speciale pentru Ziua Femeii"}},"discountLabel":null,"geniusDiscountLabel":null,"badge":null}]},{"analyticsListId":"category-slot_707-tutun","analyticsListName":"Category Slot - Tutun","type":"products_carousel","title":"Tutun","link":{"title":"Mai multe","count":165,"url":"/c/7-bauturi-si-tutun/707-tutun"},"products":[{"code":"100142331","variantCode":"100142331","name":"Țigări Fine Cut Master Blend","slug":"100142331-dunhill-tigari-fine-cut-master-blend","unitPriceLabel":"","brand":"Dunhill","brandCode":"2729","brandFilterCode":"dunhill-b2735","sku":"100142331","price":25.5,"originalPrice":null,"currencyCode":"RON","currency":"Lei","image":{"thumbnail":{"default":"https://cdn.freshful.ro/media/cache/sylius_shop_product_thumbnail/52/88/35ca539dee6021ff80bf4fb88ee3.jpg"},"large":{"default":"https://cdn.freshful.ro/media/cache/freshful_large/52/88/35ca539dee6021ff80bf4fb88ee3.jpg"},"extralarge":{"default":"https://cdn.freshful.ro/media/cache/sylius_shop_product_original/52/88/35ca539dee6021ff80bf4fb88ee3.jpg"}},"label":null,"tags":[],"isAvailable":true,"maxAvailableQuantity":10,"maxAllowedQuantity":10,"breadcrumbs":[{"code":"7","name":"Băuturi","slug":"7-bauturi-si-tutun"},{"code":"707","name":"Tutun","slug":"707-tutun"},{"code":"70701","name":"Țigări","slug":"70701-tigari"},{"code":"100142331","name":"Țigări Fine Cut Master Blend","slug":"100142331-dunhill-tigari-fine-cut-master-blend"}],"activePromotion":null,"saveMe":null,"labels":[],"geniusPrice":null,"geniusUnitPricePerLabel":null,"banner":null,"discountLabel":null,"geniusDiscountLabel":null,"badge":null},{"code":"100142332","variantCode":"100142332","name":"Țigări Fine Cut Blonde Blend","slug":"100142332-dunhill-tigari-fine-cut-blonde-blend","unitPriceLabel":"","brand":"Dunhill","brandCode":"2729","brandFilterCode":"dunhill-b2735","sku":"100142332","price":25.5,"originalPrice":null,"currencyCode":"RON","currency":"Lei","image":{"thumbnail":{"default":"https://cdn.freshful.ro/media/cache/sylius_shop_product_thumbnail/68/d8/9b8d332d10085d7a346fb55c3ee9.jpg"},"large":{"default":"https://cdn.freshful.ro/media/cache/freshful_large/68/d8/9b8d332d10085d7a346fb55c3ee9.jpg"},"extralarge":{"default":"https://cdn.freshful.ro/media/cache/sylius_shop_product_original/68/d8/9b8d332d10085d7a346fb55c3ee9.jpg"}},"label":null,"tags":[],"isAvailable":true,"maxAvailableQuantity":10,"maxAllowedQuantity":10,"breadcrumbs":[{"code":"7","name":"Băuturi","slug":"7-bauturi-si-tutun"},{"code":"707","name":"Tutun","slug":"707-tutun"},{"code":"70701","name":"Țigări","slug":"70701-tigari"},{"code":"100142332","name":"Țigări Fine Cut Blonde Blend","slug":"100142332-dunhill-tigari-fine-cut-blonde-blend"}],"activePromotion":null,"saveMe":null,"labels":[],"geniusPrice":null,"geniusUnitPricePerLabel":null,"banner":null,"discountLabel":null,"geniusDiscountLabel":null,"badge":null},{"code":"100120792","variantCode":"100120792","name":"Turquoise","slug":"100120792-heets-turquoise","unitPriceLabel":"","brand":"Heets","brandCode":"2078","brandFilterCode":"heets-b2082","sku":"100120792","price":19,"originalPrice":null,"currencyCode":"RON","currency":"Lei","image":{"thumbnail":{"default":"https://cdn.freshful.ro/media/cache/sylius_shop_product_thumbnail/df/f3/e52c78c6a1a9cdd6624ed66b2170.jpg"},"large":{"default":"https://cdn.freshful.ro/media/cache/freshful_large/df/f3/e52c78c6a1a9cdd6624ed66b2170.jpg"},"extralarge":{"default":"https://cdn.freshful.ro/media/cache/sylius_shop_product_original/df/f3/e52c78c6a1a9cdd6624ed66b2170.jpg"}},"label":null,"tags":[],"isAvailable":true,"maxAvailableQuantity":10,"maxAllowedQuantity":10,"breadcrumbs":[{"code":"7","name":"Băuturi","slug":"7-bauturi-si-tutun"},{"code":"707","name":"Tutun","slug":"707-tutun"},{"code":"70705","name":"Rezerve tutun pentru dispozitive","slug":"70705-rezerve-tutun-pentru-dispozitive"},{"code":"100120792","name":"Turquoise","slug":"100120792-heets-turquoise"}],"activePromotion":null,"saveMe":null,"labels":[],"geniusPrice":null,"geniusUnitPricePerLabel":null,"banner":null,"discountLabel":null,"geniusDiscountLabel":null,"badge":null},{"code":"100120789","variantCode":"100120789","name":"Yellow","slug":"100120789-heets-yellow","unitPriceLabel":"","brand":"Heets","brandCode":"2078","brandFilterCode":"heets-b2082","sku":"100120789","price":19,"originalPrice":null,"currencyCode":"RON","currency":"Lei","image":{"thumbnail":{"default":"https://cdn.freshful.ro/media/cache/sylius_shop_product_thumbnail/44/48/34d51632862cb9fc89fa85700a76.jpg"},"large":{"default":"https://cdn.freshful.ro/media/cache/freshful_large/44/48/34d51632862cb9fc89fa85700a76.jpg"},"extralarge":{"default":"https://cdn.freshful.ro/media/cache/sylius_shop_product_original/44/48/34d51632862cb9fc89fa85700a76.jpg"}},"label":null,"tags":[],"isAvailable":true,"maxAvailableQuantity":10,"maxAllowedQuantity":10,"breadcrumbs":[{"code":"7","name":"Băuturi","slug":"7-bauturi-si-tutun"},{"code":"707","name":"Tutun","slug":"707-tutun"},{"code":"70705","name":"Rezerve tutun pentru dispozitive","slug":"70705-rezerve-tutun-pentru-dispozitive"},{"code":"100120789","name":"Yellow","slug":"100120789-heets-yellow"}],"activePromotion":null,"saveMe":null,"labels":[],"geniusPrice":null,"geniusUnitPricePerLabel":null,"banner":null,"discountLabel":null,"geniusDiscountLabel":null,"badge":null},{"code":"100120782","variantCode":"100120782","name":"Amber","slug":"100120782-heets-amber","unitPriceLabel":"","brand":"Heets","brandCode":"2078","brandFilterCode":"heets-b2082","sku":"100120782","price":19,"originalPrice":null,"currencyCode":"RON","currency":"Lei","image":{"thumbnail":{"default":"https://cdn.freshful.ro/media/cache/sylius_shop_product_thumbnail/13/0b/3a11a3fc8fef24f724f5964d0400.jpg"},"large":{"default":"https://cdn.freshful.ro/media/cache/freshful_large/13/0b/3a11a3fc8fef24f724f5964d0400.jpg"},"extralarge":{"default":"https://cdn.freshful.ro/media/cache/sylius_shop_product_original/13/0b/3a11a3fc8fef24f724f5964d0400.jpg"}},"label":null,"tags":[],"isAvailable":true,"maxAvailableQuantity":10,"maxAllowedQuantity":10,"breadcrumbs":[{"code":"7","name":"Băuturi","slug":"7-bauturi-si-tutun"},{"code":"707","name":"Tutun","slug":"707-tutun"},{"code":"70705","name":"Rezerve tutun pentru dispozitive","slug":"70705-rezerve-tutun-pentru-dispozitive"},{"code":"100120782","name":"Amber","slug":"100120782-heets-amber"}],"activePromotion":null,"saveMe":null,"labels":[],"geniusPrice":null,"geniusUnitPricePerLabel":null,"banner":null,"discountLabel":null,"geniusDiscountLabel":null,"badge":null},{"code":"100070472","variantCode":"100070472","name":"Țigări Super S White","slug":"100070472-sobranie-tigari-super-s-white","unitPriceLabel":"","brand":"Sobranie","brandCode":"1252","brandFilterCode":"sobranie-b1266","sku":"100070472","price":25.5,"originalPrice":null,"currencyCode":"RON","currency":"Lei","image":{"thumbnail":{"default":"https://cdn.freshful.ro/media/cache/sylius_shop_product_thumbnail/73/56/760f0368960163b550f25bfaaa51.jpg"},"large":{"default":"https://cdn.freshful.ro/media/cache/freshful_large/73/56/760f0368960163b550f25bfaaa51.jpg"},"extralarge":{"default":"https://cdn.freshful.ro/media/cache/sylius_shop_product_original/73/56/760f0368960163b550f25bfaaa51.jpg"}},"label":null,"tags":[],"isAvailable":true,"maxAvailableQuantity":10,"maxAllowedQuantity":10,"breadcrumbs":[{"code":"7","name":"Băuturi","slug":"7-bauturi-si-tutun"},{"code":"707","name":"Tutun","slug":"707-tutun"},{"code":"70701","name":"Țigări","slug":"70701-tigari"},{"code":"100070472","name":"Țigări Super S White","slug":"100070472-sobranie-tigari-super-s-white"}],"activePromotion":null,"saveMe":null,"labels":[],"geniusPrice":null,"geniusUnitPricePerLabel":null,"banner":null,"discountLabel":null,"geniusDiscountLabel":null,"badge":null},{"code":"100120787","variantCode":"100120787","name":"Silver","slug":"100120787-heets-silver","unitPriceLabel":"","brand":"Heets","brandCode":"2078","brandFilterCode":"heets-b2082","sku":"100120787","price":19,"originalPrice":null,"currencyCode":"RON","currency":"Lei","image":{"thumbnail":{"default":"https://cdn.freshful.ro/media/cache/sylius_shop_product_thumbnail/c8/a3/d01014d0e661654cae81f4816596.jpg"},"large":{"default":"https://cdn.freshful.ro/media/cache/freshful_large/c8/a3/d01014d0e661654cae81f4816596.jpg"},"extralarge":{"default":"https://cdn.freshful.ro/media/cache/sylius_shop_product_original/c8/a3/d01014d0e661654cae81f4816596.jpg"}},"label":null,"tags":[],"isAvailable":true,"maxAvailableQuantity":10,"maxAllowedQuantity":10,"breadcrumbs":[{"code":"7","name":"Băuturi","slug":"7-bauturi-si-tutun"},{"code":"707","name":"Tutun","slug":"707-tutun"},{"code":"70705","name":"Rezerve tutun pentru dispozitive","slug":"70705-rezerve-tutun-pentru-dispozitive"},{"code":"100120787","name":"Silver","slug":"100120787-heets-silver"}],"activePromotion":null,"saveMe":null,"labels":[],"geniusPrice":null,"geniusUnitPricePerLabel":null,"banner":null,"discountLabel":null,"geniusDiscountLabel":null,"badge":null},{"code":"100120784","variantCode":"100120784","name":"Sienna Caps","slug":"100120784-heets-sienna-caps","unitPriceLabel":"","brand":"Heets","brandCode":"2078","brandFilterCode":"heets-b2082","sku":"100120784","price":19,"originalPrice":null,"currencyCode":"RON","currency":"Lei","image":{"thumbnail":{"default":"https://cdn.freshful.ro/media/cache/sylius_shop_product_thumbnail/33/b0/30f3d5fe6b3709592fa6d14891b3.jpg"},"large":{"default":"https://cdn.freshful.ro/media/cache/freshful_large/33/b0/30f3d5fe6b3709592fa6d14891b3.jpg"},"extralarge":{"default":"https://cdn.freshful.ro/media/cache/sylius_shop_product_original/33/b0/30f3d5fe6b3709592fa6d14891b3.jpg"}},"label":null,"tags":[],"isAvailable":true,"maxAvailableQuantity":10,"maxAllowedQuantity":10,"breadcrumbs":[{"code":"7","name":"Băuturi","slug":"7-bauturi-si-tutun"},{"code":"707","name":"Tutun","slug":"707-tutun"},{"code":"70705","name":"Rezerve tutun pentru dispozitive","slug":"70705-rezerve-tutun-pentru-dispozitive"},{"code":"100120784","name":"Sienna Caps","slug":"100120784-heets-sienna-caps"}],"activePromotion":null,"saveMe":null,"labels":[],"geniusPrice":null,"geniusUnitPricePerLabel":null,"banner":null,"discountLabel":null,"geniusDiscountLabel":null,"badge":null},{"code":"100120788","variantCode":"100120788","name":"Bronze","slug":"100120788-heets-bronze","unitPriceLabel":"","brand":"Heets","brandCode":"2078","brandFilterCode":"heets-b2082","sku":"100120788","price":19,"originalPrice":null,"currencyCode":"RON","currency":"Lei","image":{"thumbnail":{"default":"https://cdn.freshful.ro/media/cache/sylius_shop_product_thumbnail/cf/ca/1ecfd10cecde303ec36218dcb959.jpg"},"large":{"default":"https://cdn.freshful.ro/media/cache/freshful_large/cf/ca/1ecfd10cecde303ec36218dcb959.jpg"},"extralarge":{"default":"https://cdn.freshful.ro/media/cache/sylius_shop_product_original/cf/ca/1ecfd10cecde303ec36218dcb959.jpg"}},"label":null,"tags":[],"isAvailable":true,"maxAvailableQuantity":10,"maxAllowedQuantity":10,"breadcrumbs":[{"code":"7","name":"Băuturi","slug":"7-bauturi-si-tutun"},{"code":"707","name":"Tutun","slug":"707-tutun"},{"code":"70705","name":"Rezerve tutun pentru dispozitive","slug":"70705-rezerve-tutun-pentru-dispozitive"},{"code":"100120788","name":"Bronze","slug":"100120788-heets-bronze"}],"activePromotion":null,"saveMe":null,"labels":[],"geniusPrice":null,"geniusUnitPricePerLabel":null,"banner":null,"discountLabel":null,"geniusDiscountLabel":null,"badge":null},{"code":"100144033","variantCode":"100144033","name":"Mauve Wave","slug":"100144033-heets-mauve-wave","unitPriceLabel":"","brand":"Heets","brandCode":"2078","brandFilterCode":"heets-b2082","sku":"100144033","price":19,"originalPrice":null,"currencyCode":"RON","currency":"Lei","image":{"thumbnail":{"default":"https://cdn.freshful.ro/media/cache/sylius_shop_product_thumbnail/1c/49/8d422bb3deef58e47d86440380f4.jpg"},"large":{"default":"https://cdn.freshful.ro/media/cache/freshful_large/1c/49/8d422bb3deef58e47d86440380f4.jpg"},"extralarge":{"default":"https://cdn.freshful.ro/media/cache/sylius_shop_product_original/1c/49/8d422bb3deef58e47d86440380f4.jpg"}},"label":null,"tags":[],"isAvailable":true,"maxAvailableQuantity":10,"maxAllowedQuantity":10,"breadcrumbs":[{"code":"7","name":"Băuturi","slug":"7-bauturi-si-tutun"},{"code":"707","name":"Tutun","slug":"707-tutun"},{"code":"70705","name":"Rezerve tutun pentru dispozitive","slug":"70705-rezerve-tutun-pentru-dispozitive"},{"code":"100144033","name":"Mauve Wave","slug":"100144033-heets-mauve-wave"}],"activePromotion":null,"saveMe":null,"labels":[],"geniusPrice":null,"geniusUnitPricePerLabel":null,"banner":null,"discountLabel":null,"geniusDiscountLabel":null,"badge":null}]}],"page":0,"limit":0,"pages":0,"count":0,"siblings":[],"children":[],"products":[],"filters":null,"orderBy":[],"metaTitle":"Băuturi - Gamă variată","metaDescription":"Vrei Băuturi? Alege dintr-o gamă variată. Comanzi simplu și ai livrare rapidă, calitate și prospețime. Hai pe Freshful.ro","metaKeywords":null,"banners":[]}}