{"type":"category","payload":{"analyticsListId":"category_8-ceva-sarat","analyticsListName":"Category - Băcănie","name":"Băcănie","slug":"8-ceva-sarat","image":null,"breadcrumbs":[{"code":"8","name":"Băcănie","slug":"8-ceva-sarat"}],"slots":[{"analyticsListId":"category-slot_801-paste-orez-si-legume-uscate","analyticsListName":"Category Slot - Paste, orez și legume uscate","type":"products_carousel","title":"Paste, orez și legume uscate","link":{"title":"Mai multe","count":191,"url":"/c/8-ceva-sarat/801-paste-orez-si-legume-uscate"},"products":[{"code":"100075506","variantCode":"8690804000041","name":"Linte roșie 500g","slug":"100075506-suntat-linte-rosie-500g","unitPriceLabel":"19,98 Lei/kg","brand":"Suntat","brandCode":"966","brandFilterCode":"suntat-b980","sku":"100075506","price":9.99,"originalPrice":12.99,"currencyCode":"RON","currency":"Lei","image":{"thumbnail":{"default":"https://cdn.freshful.ro/media/cache/sylius_shop_product_thumbnail/38/67/84a8d206406282a8cdddddd21bec.jpg"},"large":{"default":"https://cdn.freshful.ro/media/cache/freshful_large/38/67/84a8d206406282a8cdddddd21bec.jpg"},"extralarge":{"default":"https://cdn.freshful.ro/media/cache/sylius_shop_product_original/38/67/84a8d206406282a8cdddddd21bec.jpg"}},"label":{"text":"-23%","backgroundColor":"#FF9903","textColor":"#FFFFFF"},"tags":[],"isAvailable":true,"maxAvailableQuantity":100,"maxAllowedQuantity":100,"breadcrumbs":[{"code":"8","name":"Băcănie","slug":"8-ceva-sarat"},{"code":"801","name":"Paste, orez și legume uscate","slug":"801-paste-orez-si-legume-uscate"},{"code":"80105","name":"Legume uscate","slug":"80105-legume-uscate"},{"code":"100075506","name":"Linte roșie 500g","slug":"100075506-suntat-linte-rosie-500g"}],"activePromotion":{"code":"special-produse-vegane-mar23","name":"Preț redus","targetQuantity":null},"saveMe":null,"labels":[{"type":"v1","items":[{"text":"-23%","backgroundColor":"#FF9903","textColor":"#FFFFFF"}]}],"geniusPrice":null,"geniusUnitPricePerLabel":null,"banner":{"text":"Super preț","textColor":"#FF0000","bgColor":"#FFF2EC","icon":null,"link":"https://www.freshful.ro/oferte/special-produse-vegane-mar23","type":"promo","analyticsEventType":"select_promotion","analyticsEventPayload":{"promotion_id":"special-produse-vegane-mar23","promotion_name":"Și bun, și de post"}},"discountLabel":"Economisești 23%","geniusDiscountLabel":null,"badge":null},{"code":"100067367","variantCode":"100067367","name":"Paste cu roșii și spanac Love Pasta 250g","slug":"100067367-dalla-costa-paste-cu-rosii-si-spanac-love-pasta-250g","unitPriceLabel":"9,59 Lei/buc","brand":"Dalla Costa","brandCode":"1139","brandFilterCode":"dalla-costa-b1140","sku":"100067367","price":9.59,"originalPrice":null,"currencyCode":"RON","currency":"Lei","image":{"thumbnail":{"default":"https://cdn.freshful.ro/media/cache/sylius_shop_product_thumbnail/4f/6d/922db7348ba79e1be0642c7e3539.jpg"},"large":{"default":"https://cdn.freshful.ro/media/cache/freshful_large/4f/6d/922db7348ba79e1be0642c7e3539.jpg"},"extralarge":{"default":"https://cdn.freshful.ro/media/cache/sylius_shop_product_original/4f/6d/922db7348ba79e1be0642c7e3539.jpg"}},"label":{"text":"Profită acum","backgroundColor":"#FF9903","textColor":"#FFFFFF"},"tags":[],"isAvailable":true,"maxAvailableQuantity":27,"maxAllowedQuantity":100,"breadcrumbs":[{"code":"8","name":"Băcănie","slug":"8-ceva-sarat"},{"code":"801","name":"Paste, orez și legume uscate","slug":"801-paste-orez-si-legume-uscate"},{"code":"80103","name":"Paste integrale și din grâu dur","slug":"80103-paste-integrale-si-din-grau-dur"},{"code":"100067367","name":"Paste cu roșii și spanac Love Pasta 250g","slug":"100067367-dalla-costa-paste-cu-rosii-si-spanac-love-pasta-250g"}],"activePromotion":{"code":"oferte-bacanie-bauturi-21feb-8mar23","name":"Preț avantajos","targetQuantity":null},"saveMe":null,"labels":[{"type":"v1","items":[{"text":"Profită acum","backgroundColor":"#FF9903","textColor":"#FFFFFF"}]}],"geniusPrice":null,"geniusUnitPricePerLabel":null,"banner":{"text":"Preț avantajos","textColor":"#F95510","bgColor":"#FEF1CD","icon":null,"link":"https://www.freshful.ro/oferte/oferte-bacanie-bauturi-21feb-8mar23","type":"promo","analyticsEventType":"select_promotion","analyticsEventPayload":{"promotion_id":"oferte-bacanie-bauturi-21feb-8mar23","promotion_name":"Cămara cu băuturi și bunătăți"}},"discountLabel":null,"geniusDiscountLabel":null,"badge":null},{"code":"100101439","variantCode":"100101439","name":"Orez ideal pentru pilaf 1kg","slug":"100101439-riso-scotti-orez-ideal-pentru-pilaf-1kg","unitPriceLabel":"8,39 Lei/kg","brand":"Riso Scotti","brandCode":"1686","brandFilterCode":"riso-scotti-b1690","sku":"100101439","price":8.39,"originalPrice":10.5,"currencyCode":"RON","currency":"Lei","image":{"thumbnail":{"default":"https://cdn.freshful.ro/media/cache/sylius_shop_product_thumbnail/3c/7d/1cdbeb602c9ea6b27ee9f2ee144a.jpg"},"large":{"default":"https://cdn.freshful.ro/media/cache/freshful_large/3c/7d/1cdbeb602c9ea6b27ee9f2ee144a.jpg"},"extralarge":{"default":"https://cdn.freshful.ro/media/cache/sylius_shop_product_original/3c/7d/1cdbeb602c9ea6b27ee9f2ee144a.jpg"}},"label":{"text":"-20%","backgroundColor":"#FF9903","textColor":"#FFFFFF"},"tags":[],"isAvailable":true,"maxAvailableQuantity":10,"maxAllowedQuantity":10,"breadcrumbs":[{"code":"8","name":"Băcănie","slug":"8-ceva-sarat"},{"code":"801","name":"Paste, orez și legume uscate","slug":"801-paste-orez-si-legume-uscate"},{"code":"80104","name":"Orez","slug":"80104-orez"},{"code":"100101439","name":"Orez ideal pentru pilaf 1kg","slug":"100101439-riso-scotti-orez-ideal-pentru-pilaf-1kg"}],"activePromotion":{"code":"superpreturile-saptamanii","name":"Preț redus","targetQuantity":null},"saveMe":null,"labels":[{"type":"v1","items":[{"text":"-20%","backgroundColor":"#FF9903","textColor":"#FFFFFF"}]}],"geniusPrice":null,"geniusUnitPricePerLabel":null,"banner":{"text":"Super preț","textColor":"#FF0000","bgColor":"#FFF2EC","icon":null,"link":"https://www.freshful.ro/oferte/superpreturile-saptamanii","type":"promo","analyticsEventType":"select_promotion","analyticsEventPayload":{"promotion_id":"superpreturile-saptamanii","promotion_name":"Superprețurile zilei"}},"discountLabel":"Economisești 20%","geniusDiscountLabel":null,"badge":null},{"code":"100075508","variantCode":"8690804000072","name":"Năut 500g","slug":"100075508-suntat-naut-500g","unitPriceLabel":"21,98 Lei/kg","brand":"Suntat","brandCode":"966","brandFilterCode":"suntat-b980","sku":"100075508","price":10.99,"originalPrice":13.99,"currencyCode":"RON","currency":"Lei","image":{"thumbnail":{"default":"https://cdn.freshful.ro/media/cache/sylius_shop_product_thumbnail/c6/9c/8a65ce10f5e6398168f622060bce.jpg"},"large":{"default":"https://cdn.freshful.ro/media/cache/freshful_large/c6/9c/8a65ce10f5e6398168f622060bce.jpg"},"extralarge":{"default":"https://cdn.freshful.ro/media/cache/sylius_shop_product_original/c6/9c/8a65ce10f5e6398168f622060bce.jpg"}},"label":{"text":"-21%","backgroundColor":"#FF9903","textColor":"#FFFFFF"},"tags":[],"isAvailable":true,"maxAvailableQuantity":56,"maxAllowedQuantity":100,"breadcrumbs":[{"code":"8","name":"Băcănie","slug":"8-ceva-sarat"},{"code":"801","name":"Paste, orez și legume uscate","slug":"801-paste-orez-si-legume-uscate"},{"code":"80105","name":"Legume uscate","slug":"80105-legume-uscate"},{"code":"100075508","name":"Năut 500g","slug":"100075508-suntat-naut-500g"}],"activePromotion":{"code":"special-produse-vegane-mar23","name":"Preț redus","targetQuantity":null},"saveMe":null,"labels":[{"type":"v1","items":[{"text":"-21%","backgroundColor":"#FF9903","textColor":"#FFFFFF"}]}],"geniusPrice":null,"geniusUnitPricePerLabel":null,"banner":{"text":"Super preț","textColor":"#FF0000","bgColor":"#FFF2EC","icon":null,"link":"https://www.freshful.ro/oferte/special-produse-vegane-mar23","type":"promo","analyticsEventType":"select_promotion","analyticsEventPayload":{"promotion_id":"special-produse-vegane-mar23","promotion_name":"Și bun, și de post"}},"discountLabel":"Economisești 21%","geniusDiscountLabel":null,"badge":null},{"code":"100075525","variantCode":"8690804000034","name":"Linte verde 500g  ","slug":"100075525-suntat-linte-verde-500g","unitPriceLabel":"21,98 Lei/kg","brand":"Suntat","brandCode":"966","brandFilterCode":"suntat-b980","sku":"100075525","price":10.99,"originalPrice":14.49,"currencyCode":"RON","currency":"Lei","image":{"thumbnail":{"default":"https://cdn.freshful.ro/media/cache/sylius_shop_product_thumbnail/bc/0e/bdb4a0860370373009f1285a07ae.jpg"},"large":{"default":"https://cdn.freshful.ro/media/cache/freshful_large/bc/0e/bdb4a0860370373009f1285a07ae.jpg"},"extralarge":{"default":"https://cdn.freshful.ro/media/cache/sylius_shop_product_original/bc/0e/bdb4a0860370373009f1285a07ae.jpg"}},"label":{"text":"-24%","backgroundColor":"#FF9903","textColor":"#FFFFFF"},"tags":[],"isAvailable":true,"maxAvailableQuantity":37,"maxAllowedQuantity":100,"breadcrumbs":[{"code":"8","name":"Băcănie","slug":"8-ceva-sarat"},{"code":"801","name":"Paste, orez și legume uscate","slug":"801-paste-orez-si-legume-uscate"},{"code":"80105","name":"Legume uscate","slug":"80105-legume-uscate"},{"code":"100075525","name":"Linte verde 500g  ","slug":"100075525-suntat-linte-verde-500g"}],"activePromotion":{"code":"special-produse-vegane-mar23","name":"Preț redus","targetQuantity":null},"saveMe":null,"labels":[{"type":"v1","items":[{"text":"-24%","backgroundColor":"#FF9903","textColor":"#FFFFFF"}]}],"geniusPrice":null,"geniusUnitPricePerLabel":null,"banner":{"text":"Super preț","textColor":"#FF0000","bgColor":"#FFF2EC","icon":null,"link":"https://www.freshful.ro/oferte/special-produse-vegane-mar23","type":"promo","analyticsEventType":"select_promotion","analyticsEventPayload":{"promotion_id":"special-produse-vegane-mar23","promotion_name":"Și bun, și de post"}},"discountLabel":"Economisești 24%","geniusDiscountLabel":null,"badge":null},{"code":"100075507","variantCode":"8690804001376","name":"Linte galbenă 500g","slug":"100075507-suntat-linte-galbena-500g","unitPriceLabel":"29,98 Lei/kg","brand":"Suntat","brandCode":"966","brandFilterCode":"suntat-b980","sku":"100075507","price":14.99,"originalPrice":16.99,"currencyCode":"RON","currency":"Lei","image":{"thumbnail":{"default":"https://cdn.freshful.ro/media/cache/sylius_shop_product_thumbnail/6f/46/5d1174d7c90cea528e0459440065.jpg"},"large":{"default":"https://cdn.freshful.ro/media/cache/freshful_large/6f/46/5d1174d7c90cea528e0459440065.jpg"},"extralarge":{"default":"https://cdn.freshful.ro/media/cache/sylius_shop_product_original/6f/46/5d1174d7c90cea528e0459440065.jpg"}},"label":{"text":"-11%","backgroundColor":"#FF9903","textColor":"#FFFFFF"},"tags":[],"isAvailable":true,"maxAvailableQuantity":25,"maxAllowedQuantity":100,"breadcrumbs":[{"code":"8","name":"Băcănie","slug":"8-ceva-sarat"},{"code":"801","name":"Paste, orez și legume uscate","slug":"801-paste-orez-si-legume-uscate"},{"code":"80105","name":"Legume uscate","slug":"80105-legume-uscate"},{"code":"100075507","name":"Linte galbenă 500g","slug":"100075507-suntat-linte-galbena-500g"}],"activePromotion":{"code":"special-produse-vegane-mar23","name":"Preț redus","targetQuantity":null},"saveMe":null,"labels":[{"type":"v1","items":[{"text":"-11%","backgroundColor":"#FF9903","textColor":"#FFFFFF"}]}],"geniusPrice":null,"geniusUnitPricePerLabel":null,"banner":{"text":"Super preț","textColor":"#FF0000","bgColor":"#FFF2EC","icon":null,"link":"https://www.freshful.ro/oferte/special-produse-vegane-mar23","type":"promo","analyticsEventType":"select_promotion","analyticsEventPayload":{"promotion_id":"special-produse-vegane-mar23","promotion_name":"Și bun, și de post"}},"discountLabel":"Economisești 11%","geniusDiscountLabel":null,"badge":null},{"code":"100143804","variantCode":"100143804","name":"Orez Clasic 1kg","slug":"100143804-riso-scotti-orez-clasic-1kg","unitPriceLabel":"8,99 Lei/kg","brand":"Riso Scotti","brandCode":"1686","brandFilterCode":"riso-scotti-b1690","sku":"100143804","price":8.99,"originalPrice":null,"currencyCode":"RON","currency":"Lei","image":{"thumbnail":{"default":"https://cdn.freshful.ro/media/cache/sylius_shop_product_thumbnail/de/65/0ba075d8925593bed50f0e9da033.jpg"},"large":{"default":"https://cdn.freshful.ro/media/cache/freshful_large/de/65/0ba075d8925593bed50f0e9da033.jpg"},"extralarge":{"default":"https://cdn.freshful.ro/media/cache/sylius_shop_product_original/de/65/0ba075d8925593bed50f0e9da033.jpg"}},"label":null,"tags":[],"isAvailable":true,"maxAvailableQuantity":10,"maxAllowedQuantity":10,"breadcrumbs":[{"code":"8","name":"Băcănie","slug":"8-ceva-sarat"},{"code":"801","name":"Paste, orez și legume uscate","slug":"801-paste-orez-si-legume-uscate"},{"code":"80104","name":"Orez","slug":"80104-orez"},{"code":"100143804","name":"Orez Clasic 1kg","slug":"100143804-riso-scotti-orez-clasic-1kg"}],"activePromotion":null,"saveMe":null,"labels":[],"geniusPrice":null,"geniusUnitPricePerLabel":null,"banner":null,"discountLabel":null,"geniusDiscountLabel":null,"badge":null},{"code":"100102848","variantCode":"100102848","name":"Orez Basmati 500g","slug":"100102848-panzani-orez-basmati-500g","unitPriceLabel":"21 Lei/kg","brand":"Panzani","brandCode":"1684","brandFilterCode":"panzani-b1688","sku":"100102848","price":10.5,"originalPrice":null,"currencyCode":"RON","currency":"Lei","image":{"thumbnail":{"default":"https://cdn.freshful.ro/media/cache/sylius_shop_product_thumbnail/71/2f/bb4077283d90d84af2faf922cf97.jpg"},"large":{"default":"https://cdn.freshful.ro/media/cache/freshful_large/71/2f/bb4077283d90d84af2faf922cf97.jpg"},"extralarge":{"default":"https://cdn.freshful.ro/media/cache/sylius_shop_product_original/71/2f/bb4077283d90d84af2faf922cf97.jpg"}},"label":null,"tags":[],"isAvailable":true,"maxAvailableQuantity":10,"maxAllowedQuantity":10,"breadcrumbs":[{"code":"8","name":"Băcănie","slug":"8-ceva-sarat"},{"code":"801","name":"Paste, orez și legume uscate","slug":"801-paste-orez-si-legume-uscate"},{"code":"80104","name":"Orez","slug":"80104-orez"},{"code":"100102848","name":"Orez Basmati 500g","slug":"100102848-panzani-orez-basmati-500g"}],"activePromotion":null,"saveMe":null,"labels":[],"geniusPrice":null,"geniusUnitPricePerLabel":null,"banner":null,"discountLabel":null,"geniusDiscountLabel":null,"badge":null},{"code":"100093422","variantCode":"100093422","name":"Paste Fusilli integrale 500g","slug":"100093422-barilla-paste-fusilli-integrale-500g","unitPriceLabel":"15.000 Lei/kg","brand":"Barilla","brandCode":"267","brandFilterCode":"barilla-b268","sku":"100093422","price":7.5,"originalPrice":null,"currencyCode":"RON","currency":"Lei","image":{"thumbnail":{"default":"https://cdn.freshful.ro/media/cache/sylius_shop_product_thumbnail/e6/16/50ee581a9637ec62d02a0c89e218.jpg"},"large":{"default":"https://cdn.freshful.ro/media/cache/freshful_large/e6/16/50ee581a9637ec62d02a0c89e218.jpg"},"extralarge":{"default":"https://cdn.freshful.ro/media/cache/sylius_shop_product_original/e6/16/50ee581a9637ec62d02a0c89e218.jpg"}},"label":null,"tags":[],"isAvailable":true,"maxAvailableQuantity":100,"maxAllowedQuantity":100,"breadcrumbs":[{"code":"8","name":"Băcănie","slug":"8-ceva-sarat"},{"code":"801","name":"Paste, orez și legume uscate","slug":"801-paste-orez-si-legume-uscate"},{"code":"80103","name":"Paste integrale și din grâu dur","slug":"80103-paste-integrale-si-din-grau-dur"},{"code":"100093422","name":"Paste Fusilli integrale 500g","slug":"100093422-barilla-paste-fusilli-integrale-500g"}],"activePromotion":null,"saveMe":null,"labels":[],"geniusPrice":null,"geniusUnitPricePerLabel":null,"banner":null,"discountLabel":null,"geniusDiscountLabel":null,"badge":null},{"code":"100102852","variantCode":"100102852","name":"Orez prefiert 250g","slug":"100102852-panzani-orez-prefiert-250g","unitPriceLabel":"18,36 Lei/kg","brand":"Panzani","brandCode":"1684","brandFilterCode":"panzani-b1688","sku":"100102852","price":4.59,"originalPrice":null,"currencyCode":"RON","currency":"Lei","image":{"thumbnail":{"default":"https://cdn.freshful.ro/media/cache/sylius_shop_product_thumbnail/88/d3/667c209e778b8a8fbd197f2c0a85.jpg"},"large":{"default":"https://cdn.freshful.ro/media/cache/freshful_large/88/d3/667c209e778b8a8fbd197f2c0a85.jpg"},"extralarge":{"default":"https://cdn.freshful.ro/media/cache/sylius_shop_product_original/88/d3/667c209e778b8a8fbd197f2c0a85.jpg"}},"label":null,"tags":[],"isAvailable":true,"maxAvailableQuantity":2,"maxAllowedQuantity":2,"breadcrumbs":[{"code":"8","name":"Băcănie","slug":"8-ceva-sarat"},{"code":"801","name":"Paste, orez și legume uscate","slug":"801-paste-orez-si-legume-uscate"},{"code":"80104","name":"Orez","slug":"80104-orez"},{"code":"100102852","name":"Orez prefiert 250g","slug":"100102852-panzani-orez-prefiert-250g"}],"activePromotion":null,"saveMe":null,"labels":[],"geniusPrice":null,"geniusUnitPricePerLabel":null,"banner":null,"discountLabel":null,"geniusDiscountLabel":null,"badge":null}]},{"analyticsListId":"category-slot_802-conserve","analyticsListName":"Category Slot - Conserve","type":"products_carousel","title":"Conserve","link":{"title":"Mai multe","count":812,"url":"/c/8-ceva-sarat/802-conserve"},"products":[{"code":"100075538","variantCode":"5200352990010","name":"Măsline kalamata fără sâmburi 350g","slug":"100075538-fos-masline-kalamata-fara-samburi-350g","unitPriceLabel":"33,31 Lei/kg","brand":"Fos","brandCode":"967","brandFilterCode":"fos-b981","sku":"100075538","price":11.99,"originalPrice":14.5,"currencyCode":"RON","currency":"Lei","image":{"thumbnail":{"default":"https://cdn.freshful.ro/media/cache/sylius_shop_product_thumbnail/8d/22/c3043d4b3a7e39908eb662fff28e.jpg"},"large":{"default":"https://cdn.freshful.ro/media/cache/freshful_large/8d/22/c3043d4b3a7e39908eb662fff28e.jpg"},"extralarge":{"default":"https://cdn.freshful.ro/media/cache/sylius_shop_product_original/8d/22/c3043d4b3a7e39908eb662fff28e.jpg"}},"label":{"text":"-17%","backgroundColor":"#FF9903","textColor":"#FFFFFF"},"tags":[],"isAvailable":true,"maxAvailableQuantity":100,"maxAllowedQuantity":100,"breadcrumbs":[{"code":"8","name":"Băcănie","slug":"8-ceva-sarat"},{"code":"802","name":"Conserve","slug":"802-conserve"},{"code":"80202","name":"Conserve de măsline","slug":"80202-conserve-de-masline"},{"code":"100075538","name":"Măsline kalamata fără sâmburi 350g","slug":"100075538-fos-masline-kalamata-fara-samburi-350g"}],"activePromotion":{"code":"special-produse-vegane-mar23","name":"Preț redus","targetQuantity":null},"saveMe":null,"labels":[{"type":"v1","items":[{"text":"-17%","backgroundColor":"#FF9903","textColor":"#FFFFFF"}]}],"geniusPrice":null,"geniusUnitPricePerLabel":null,"banner":{"text":"Super preț","textColor":"#FF0000","bgColor":"#FFF2EC","icon":null,"link":"https://www.freshful.ro/oferte/special-produse-vegane-mar23","type":"promo","analyticsEventType":"select_promotion","analyticsEventPayload":{"promotion_id":"special-produse-vegane-mar23","promotion_name":"Și bun, și de post"}},"discountLabel":"Economisești 17%","geniusDiscountLabel":null,"badge":null},{"code":"100065340","variantCode":"5941028000625","name":"Castraveți în oțet 680g","slug":"100065340-raureni-castraveti-in-otet-680g","unitPriceLabel":"11,75 Lei/kg","brand":"Râureni","brandCode":"772","brandFilterCode":"raureni-b773","sku":"100065340","price":7.99,"originalPrice":10.99,"currencyCode":"RON","currency":"Lei","image":{"thumbnail":{"default":"https://cdn.freshful.ro/media/cache/sylius_shop_product_thumbnail/ca/27/850878af34568a08f1505864a57e.jpg"},"large":{"default":"https://cdn.freshful.ro/media/cache/freshful_large/ca/27/850878af34568a08f1505864a57e.jpg"},"extralarge":{"default":"https://cdn.freshful.ro/media/cache/sylius_shop_product_original/ca/27/850878af34568a08f1505864a57e.jpg"}},"label":{"text":"-27%","backgroundColor":"#FF9903","textColor":"#FFFFFF"},"tags":[{"type":"NoPreservatives","text":"Fara conservanti","icon":"https://cdn.freshful.ro/assets/product_tags/fara_conservanti.svg","iconPng":"https://cdn.freshful.ro/assets/product_tags/fara_conservanti.png","backgroundColor":"#F0F2FF","textColor":"#7889DD"},{"type":"MadeInRomania","text":"Made In Romania","icon":"https://cdn.freshful.ro/assets/product_tags/made_in_romania.svg","iconPng":"https://cdn.freshful.ro/assets/product_tags/made_in_romania.png","backgroundColor":"#EDF2FD","textColor":"#1653CA"}],"isAvailable":true,"maxAvailableQuantity":100,"maxAllowedQuantity":100,"breadcrumbs":[{"code":"8","name":"Băcănie","slug":"8-ceva-sarat"},{"code":"802","name":"Conserve","slug":"802-conserve"},{"code":"80203","name":"Conserve de murături","slug":"80203-conserve-de-muraturi"},{"code":"100065340","name":"Castraveți în oțet 680g","slug":"100065340-raureni-castraveti-in-otet-680g"}],"activePromotion":{"code":"oferte-bacanie-bauturi-21feb-8mar23","name":"Preț redus","targetQuantity":null},"saveMe":null,"labels":[{"type":"v1","items":[{"text":"-27%","backgroundColor":"#FF9903","textColor":"#FFFFFF"}]}],"geniusPrice":null,"geniusUnitPricePerLabel":null,"banner":{"text":"Super preț","textColor":"#FF0000","bgColor":"#FFF2EC","icon":null,"link":"https://www.freshful.ro/oferte/oferte-bacanie-bauturi-21feb-8mar23","type":"promo","analyticsEventType":"select_promotion","analyticsEventPayload":{"promotion_id":"oferte-bacanie-bauturi-21feb-8mar23","promotion_name":"Cămara cu băuturi și bunătăți"}},"discountLabel":"Economisești 27%","geniusDiscountLabel":null,"badge":null},{"code":"100075537","variantCode":"5200352990003","name":"Măsline kalamata întregi în saramură 360g","slug":"100075537-fos-masline-kalamata-intregi-in-saramura-360g","unitPriceLabel":"30,53 Lei/kg","brand":"Fos","brandCode":"967","brandFilterCode":"fos-b981","sku":"100075537","price":10.99,"originalPrice":13.5,"currencyCode":"RON","currency":"Lei","image":{"thumbnail":{"default":"https://cdn.freshful.ro/media/cache/sylius_shop_product_thumbnail/06/e1/58435e43a998af394e6daceb180c.jpg"},"large":{"default":"https://cdn.freshful.ro/media/cache/freshful_large/06/e1/58435e43a998af394e6daceb180c.jpg"},"extralarge":{"default":"https://cdn.freshful.ro/media/cache/sylius_shop_product_original/06/e1/58435e43a998af394e6daceb180c.jpg"}},"label":{"text":"-18%","backgroundColor":"#FF9903","textColor":"#FFFFFF"},"tags":[],"isAvailable":true,"maxAvailableQuantity":100,"maxAllowedQuantity":100,"breadcrumbs":[{"code":"8","name":"Băcănie","slug":"8-ceva-sarat"},{"code":"802","name":"Conserve","slug":"802-conserve"},{"code":"80202","name":"Conserve de măsline","slug":"80202-conserve-de-masline"},{"code":"100075537","name":"Măsline kalamata întregi în saramură 360g","slug":"100075537-fos-masline-kalamata-intregi-in-saramura-360g"}],"activePromotion":{"code":"special-produse-vegane-mar23","name":"Preț redus","targetQuantity":null},"saveMe":null,"labels":[{"type":"v1","items":[{"text":"-18%","backgroundColor":"#FF9903","textColor":"#FFFFFF"}]}],"geniusPrice":null,"geniusUnitPricePerLabel":null,"banner":{"text":"Super preț","textColor":"#FF0000","bgColor":"#FFF2EC","icon":null,"link":"https://www.freshful.ro/oferte/special-produse-vegane-mar23","type":"promo","analyticsEventType":"select_promotion","analyticsEventPayload":{"promotion_id":"special-produse-vegane-mar23","promotion_name":"Și bun, și de post"}},"discountLabel":"Economisești 18%","geniusDiscountLabel":null,"badge":null},{"code":"100065335","variantCode":"5941028013236","name":"Ardei capia copt decojit în oțet 680g","slug":"100065335-raureni-ardei-capia-copt-decojit-in-otet-680g","unitPriceLabel":"16,16 Lei/kg","brand":"Râureni","brandCode":"772","brandFilterCode":"raureni-b773","sku":"100065335","price":10.99,"originalPrice":null,"currencyCode":"RON","currency":"Lei","image":{"thumbnail":{"default":"https://cdn.freshful.ro/media/cache/sylius_shop_product_thumbnail/9b/b2/d0f27bfccc9b88646bc4bb1392ec.jpg"},"large":{"default":"https://cdn.freshful.ro/media/cache/freshful_large/9b/b2/d0f27bfccc9b88646bc4bb1392ec.jpg"},"extralarge":{"default":"https://cdn.freshful.ro/media/cache/sylius_shop_product_original/9b/b2/d0f27bfccc9b88646bc4bb1392ec.jpg"}},"label":{"text":"Profită acum","backgroundColor":"#FF9903","textColor":"#FFFFFF"},"tags":[],"isAvailable":true,"maxAvailableQuantity":100,"maxAllowedQuantity":100,"breadcrumbs":[{"code":"8","name":"Băcănie","slug":"8-ceva-sarat"},{"code":"802","name":"Conserve","slug":"802-conserve"},{"code":"80203","name":"Conserve de murături","slug":"80203-conserve-de-muraturi"},{"code":"100065335","name":"Ardei capia copt decojit în oțet 680g","slug":"100065335-raureni-ardei-capia-copt-decojit-in-otet-680g"}],"activePromotion":{"code":"oferte-bacanie-bauturi-21feb-8mar23","name":"Preț avantajos","targetQuantity":null},"saveMe":null,"labels":[{"type":"v1","items":[{"text":"Profită acum","backgroundColor":"#FF9903","textColor":"#FFFFFF"}]}],"geniusPrice":null,"geniusUnitPricePerLabel":null,"banner":{"text":"Preț avantajos","textColor":"#F95510","bgColor":"#FEF1CD","icon":null,"link":"https://www.freshful.ro/oferte/oferte-bacanie-bauturi-21feb-8mar23","type":"promo","analyticsEventType":"select_promotion","analyticsEventPayload":{"promotion_id":"oferte-bacanie-bauturi-21feb-8mar23","promotion_name":"Cămara cu băuturi și bunătăți"}},"discountLabel":null,"geniusDiscountLabel":null,"badge":null},{"code":"100001495","variantCode":"5941132014341","name":"Zacuscă macedoneană 265g","slug":"100001495-inedit-zacusca-macedoneana-265g","unitPriceLabel":"47,13 Lei/kg","brand":"Inedit","brandCode":"60","brandFilterCode":"inedit-b57","sku":"100001495","price":12.49,"originalPrice":13.9,"currencyCode":"RON","currency":"Lei","image":{"thumbnail":{"default":"https://cdn.freshful.ro/media/cache/sylius_shop_product_thumbnail/ca/81/dd2b7c23c4453f11c9754473df3a.jpg"},"large":{"default":"https://cdn.freshful.ro/media/cache/freshful_large/ca/81/dd2b7c23c4453f11c9754473df3a.jpg"},"extralarge":{"default":"https://cdn.freshful.ro/media/cache/sylius_shop_product_original/ca/81/dd2b7c23c4453f11c9754473df3a.jpg"}},"label":{"text":"-10%","backgroundColor":"#FF9903","textColor":"#FFFFFF"},"tags":[],"isAvailable":true,"maxAvailableQuantity":47,"maxAllowedQuantity":100,"breadcrumbs":[{"code":"8","name":"Băcănie","slug":"8-ceva-sarat"},{"code":"802","name":"Conserve","slug":"802-conserve"},{"code":"80206","name":"Conserve cu mâncare gătită","slug":"80206-conserve-cu-mancare-gatita"},{"code":"100001495","name":"Zacuscă macedoneană 265g","slug":"100001495-inedit-zacusca-macedoneana-265g"}],"activePromotion":{"code":"special-produse-vegane-mar23","name":"Preț redus","targetQuantity":null},"saveMe":null,"labels":[{"type":"v1","items":[{"text":"-10%","backgroundColor":"#FF9903","textColor":"#FFFFFF"}]}],"geniusPrice":null,"geniusUnitPricePerLabel":null,"banner":{"text":"Super preț","textColor":"#FF0000","bgColor":"#FFF2EC","icon":null,"link":"https://www.freshful.ro/oferte/special-produse-vegane-mar23","type":"promo","analyticsEventType":"select_promotion","analyticsEventPayload":{"promotion_id":"special-produse-vegane-mar23","promotion_name":"Și bun, și de post"}},"discountLabel":"Economisești 10%","geniusDiscountLabel":null,"badge":null},{"code":"100001526","variantCode":"5941132015447","name":"Pastă vegetală din boabe de soia cu măsline 100g","slug":"100001526-inedit-pasta-vegetala-din-boabe-de-soia-cu-masline-100g","unitPriceLabel":"28,9 Lei/kg","brand":"Inedit","brandCode":"60","brandFilterCode":"inedit-b57","sku":"100001526","price":2.89,"originalPrice":3.45,"currencyCode":"RON","currency":"Lei","image":{"thumbnail":{"default":"https://cdn.freshful.ro/media/cache/sylius_shop_product_thumbnail/22/c5/ce1a5e9720cc5e60cd5b6196b80a.jpg"},"large":{"default":"https://cdn.freshful.ro/media/cache/freshful_large/22/c5/ce1a5e9720cc5e60cd5b6196b80a.jpg"},"extralarge":{"default":"https://cdn.freshful.ro/media/cache/sylius_shop_product_original/22/c5/ce1a5e9720cc5e60cd5b6196b80a.jpg"}},"label":{"text":"-16%","backgroundColor":"#FF9903","textColor":"#FFFFFF"},"tags":[{"type":"vegan","text":"Vegan","icon":"https://cdn.freshful.ro/assets/product_tags/vegan.svg","iconPng":"https://cdn.freshful.ro/assets/product_tags/vegan.png","backgroundColor":"#ECF9F8","textColor":"#33A39C"}],"isAvailable":true,"maxAvailableQuantity":6,"maxAllowedQuantity":6,"breadcrumbs":[{"code":"8","name":"Băcănie","slug":"8-ceva-sarat"},{"code":"802","name":"Conserve","slug":"802-conserve"},{"code":"80201","name":"Conserve de legume","slug":"80201-conserve-de-legume"},{"code":"100001526","name":"Pastă vegetală din boabe de soia cu măsline 100g","slug":"100001526-inedit-pasta-vegetala-din-boabe-de-soia-cu-masline-100g"}],"activePromotion":{"code":"special-produse-vegane-mar23","name":"Preț redus","targetQuantity":null},"saveMe":null,"labels":[{"type":"v1","items":[{"text":"-16%","backgroundColor":"#FF9903","textColor":"#FFFFFF"}]}],"geniusPrice":null,"geniusUnitPricePerLabel":null,"banner":{"text":"Super preț","textColor":"#FF0000","bgColor":"#FFF2EC","icon":null,"link":"https://www.freshful.ro/oferte/special-produse-vegane-mar23","type":"promo","analyticsEventType":"select_promotion","analyticsEventPayload":{"promotion_id":"special-produse-vegane-mar23","promotion_name":"Și bun, și de post"}},"discountLabel":"Economisești 16%","geniusDiscountLabel":null,"badge":null},{"code":"100075530","variantCode":"8690804329678","name":"Roșii uscate în ulei 650g","slug":"100075530-suntat-rosii-uscate-in-ulei-650g","unitPriceLabel":"49,22 Lei/kg","brand":"Suntat","brandCode":"966","brandFilterCode":"suntat-b980","sku":"100075530","price":31.99,"originalPrice":39.99,"currencyCode":"RON","currency":"Lei","image":{"thumbnail":{"default":"https://cdn.freshful.ro/media/cache/sylius_shop_product_thumbnail/50/a3/82d2c4db3c6463afa6efb79c3baf.jpg"},"large":{"default":"https://cdn.freshful.ro/media/cache/freshful_large/50/a3/82d2c4db3c6463afa6efb79c3baf.jpg"},"extralarge":{"default":"https://cdn.freshful.ro/media/cache/sylius_shop_product_original/50/a3/82d2c4db3c6463afa6efb79c3baf.jpg"}},"label":{"text":"-20%","backgroundColor":"#FF9903","textColor":"#FFFFFF"},"tags":[],"isAvailable":true,"maxAvailableQuantity":6,"maxAllowedQuantity":6,"breadcrumbs":[{"code":"8","name":"Băcănie","slug":"8-ceva-sarat"},{"code":"802","name":"Conserve","slug":"802-conserve"},{"code":"80201","name":"Conserve de legume","slug":"80201-conserve-de-legume"},{"code":"100075530","name":"Roșii uscate în ulei 650g","slug":"100075530-suntat-rosii-uscate-in-ulei-650g"}],"activePromotion":{"code":"special-produse-vegane-mar23","name":"Preț redus","targetQuantity":null},"saveMe":null,"labels":[{"type":"v1","items":[{"text":"-20%","backgroundColor":"#FF9903","textColor":"#FFFFFF"}]}],"geniusPrice":null,"geniusUnitPricePerLabel":null,"banner":{"text":"Super preț","textColor":"#FF0000","bgColor":"#FFF2EC","icon":null,"link":"https://www.freshful.ro/oferte/special-produse-vegane-mar23","type":"promo","analyticsEventType":"select_promotion","analyticsEventPayload":{"promotion_id":"special-produse-vegane-mar23","promotion_name":"Și bun, și de post"}},"discountLabel":"Economisești 20%","geniusDiscountLabel":null,"badge":null},{"code":"100075546","variantCode":"4006153751109","name":"Crenvurști suculenți 550g","slug":"100075546-zimmermann-crenvursti-suculenti-550g","unitPriceLabel":"49,07 Lei/kg","brand":"Zimmermann","brandCode":"969","brandFilterCode":"zimmermann-b983","sku":"100075546","price":26.99,"originalPrice":29.99,"currencyCode":"RON","currency":"Lei","image":{"thumbnail":{"default":"https://cdn.freshful.ro/media/cache/sylius_shop_product_thumbnail/f7/43/be8219e837e7d80d88a1bc45e90a.jpg"},"large":{"default":"https://cdn.freshful.ro/media/cache/freshful_large/f7/43/be8219e837e7d80d88a1bc45e90a.jpg"},"extralarge":{"default":"https://cdn.freshful.ro/media/cache/sylius_shop_product_original/f7/43/be8219e837e7d80d88a1bc45e90a.jpg"}},"label":{"text":"-10%","backgroundColor":"#FF9903","textColor":"#FFFFFF"},"tags":[],"isAvailable":true,"maxAvailableQuantity":22,"maxAllowedQuantity":100,"breadcrumbs":[{"code":"8","name":"Băcănie","slug":"8-ceva-sarat"},{"code":"802","name":"Conserve","slug":"802-conserve"},{"code":"80205","name":"Conserve de carne","slug":"80205-conserve-de-carne"},{"code":"100075546","name":"Crenvurști suculenți 550g","slug":"100075546-zimmermann-crenvursti-suculenti-550g"}],"activePromotion":{"code":"oferte-bacanie-bauturi-21feb-8mar23","name":"Preț redus","targetQuantity":null},"saveMe":null,"labels":[{"type":"v1","items":[{"text":"-10%","backgroundColor":"#FF9903","textColor":"#FFFFFF"}]}],"geniusPrice":null,"geniusUnitPricePerLabel":null,"banner":{"text":"Super preț","textColor":"#FF0000","bgColor":"#FFF2EC","icon":null,"link":"https://www.freshful.ro/oferte/oferte-bacanie-bauturi-21feb-8mar23","type":"promo","analyticsEventType":"select_promotion","analyticsEventPayload":{"promotion_id":"oferte-bacanie-bauturi-21feb-8mar23","promotion_name":"Cămara cu băuturi și bunătăți"}},"discountLabel":"Economisești 10%","geniusDiscountLabel":null,"badge":null},{"code":"100001496","variantCode":"5941132014365","name":"Zacuscă românească 265g","slug":"100001496-inedit-zacusca-romaneasca-265g","unitPriceLabel":"47,13 Lei/kg","brand":"Inedit","brandCode":"60","brandFilterCode":"inedit-b57","sku":"100001496","price":12.49,"originalPrice":13.9,"currencyCode":"RON","currency":"Lei","image":{"thumbnail":{"default":"https://cdn.freshful.ro/media/cache/sylius_shop_product_thumbnail/a4/e5/e8a94cb81f4e09a2a3cd55daa169.jpg"},"large":{"default":"https://cdn.freshful.ro/media/cache/freshful_large/a4/e5/e8a94cb81f4e09a2a3cd55daa169.jpg"},"extralarge":{"default":"https://cdn.freshful.ro/media/cache/sylius_shop_product_original/a4/e5/e8a94cb81f4e09a2a3cd55daa169.jpg"}},"label":{"text":"-10%","backgroundColor":"#FF9903","textColor":"#FFFFFF"},"tags":[],"isAvailable":true,"maxAvailableQuantity":39,"maxAllowedQuantity":100,"breadcrumbs":[{"code":"8","name":"Băcănie","slug":"8-ceva-sarat"},{"code":"802","name":"Conserve","slug":"802-conserve"},{"code":"80206","name":"Conserve cu mâncare gătită","slug":"80206-conserve-cu-mancare-gatita"},{"code":"100001496","name":"Zacuscă românească 265g","slug":"100001496-inedit-zacusca-romaneasca-265g"}],"activePromotion":{"code":"special-produse-vegane-mar23","name":"Preț redus","targetQuantity":null},"saveMe":null,"labels":[{"type":"v1","items":[{"text":"-10%","backgroundColor":"#FF9903","textColor":"#FFFFFF"}]}],"geniusPrice":null,"geniusUnitPricePerLabel":null,"banner":{"text":"Super preț","textColor":"#FF0000","bgColor":"#FFF2EC","icon":null,"link":"https://www.freshful.ro/oferte/special-produse-vegane-mar23","type":"promo","analyticsEventType":"select_promotion","analyticsEventPayload":{"promotion_id":"special-produse-vegane-mar23","promotion_name":"Și bun, și de post"}},"discountLabel":"Economisești 10%","geniusDiscountLabel":null,"badge":null},{"code":"100075547","variantCode":"4006153757705","name":"Crenvurști bavarezi 550g","slug":"100075547-zimmermann-crenvursti-bavarezi-550g","unitPriceLabel":"49,07 Lei/kg","brand":"Zimmermann","brandCode":"969","brandFilterCode":"zimmermann-b983","sku":"100075547","price":26.99,"originalPrice":29.99,"currencyCode":"RON","currency":"Lei","image":{"thumbnail":{"default":"https://cdn.freshful.ro/media/cache/sylius_shop_product_thumbnail/aa/3a/f1571fc9bf6e2266748389ba889e.jpg"},"large":{"default":"https://cdn.freshful.ro/media/cache/freshful_large/aa/3a/f1571fc9bf6e2266748389ba889e.jpg"},"extralarge":{"default":"https://cdn.freshful.ro/media/cache/sylius_shop_product_original/aa/3a/f1571fc9bf6e2266748389ba889e.jpg"}},"label":{"text":"-10%","backgroundColor":"#FF9903","textColor":"#FFFFFF"},"tags":[],"isAvailable":true,"maxAvailableQuantity":21,"maxAllowedQuantity":100,"breadcrumbs":[{"code":"8","name":"Băcănie","slug":"8-ceva-sarat"},{"code":"802","name":"Conserve","slug":"802-conserve"},{"code":"80205","name":"Conserve de carne","slug":"80205-conserve-de-carne"},{"code":"100075547","name":"Crenvurști bavarezi 550g","slug":"100075547-zimmermann-crenvursti-bavarezi-550g"}],"activePromotion":{"code":"oferte-bacanie-bauturi-21feb-8mar23","name":"Preț redus","targetQuantity":null},"saveMe":null,"labels":[{"type":"v1","items":[{"text":"-10%","backgroundColor":"#FF9903","textColor":"#FFFFFF"}]}],"geniusPrice":null,"geniusUnitPricePerLabel":null,"banner":{"text":"Super preț","textColor":"#FF0000","bgColor":"#FFF2EC","icon":null,"link":"https://www.freshful.ro/oferte/oferte-bacanie-bauturi-21feb-8mar23","type":"promo","analyticsEventType":"select_promotion","analyticsEventPayload":{"promotion_id":"oferte-bacanie-bauturi-21feb-8mar23","promotion_name":"Cămara cu băuturi și bunătăți"}},"discountLabel":"Economisești 10%","geniusDiscountLabel":null,"badge":null}]},{"analyticsListId":"category-slot_803-condimente-si-sosuri","analyticsListName":"Category Slot - Condimente și sosuri","type":"products_carousel","title":"Condimente și sosuri","link":{"title":"Mai multe","count":646,"url":"/c/8-ceva-sarat/803-condimente-si-sosuri"},"products":[{"code":"100061073","variantCode":"100061073","name":"Condimente pui cu usturoi Punga Magică 28g","slug":"100061073-knorr-condimente-pui-cu-usturoi-punga-magica-28g","unitPriceLabel":"178,21 Lei/kg","brand":"Knorr","brandCode":"139","brandFilterCode":"knorr-b123","sku":"100061073","price":4.99,"originalPrice":null,"currencyCode":"RON","currency":"Lei","image":{"thumbnail":{"default":"https://cdn.freshful.ro/media/cache/sylius_shop_product_thumbnail/08/89/28e6e3230d384bb501f03e670d2e.jpg"},"large":{"default":"https://cdn.freshful.ro/media/cache/freshful_large/08/89/28e6e3230d384bb501f03e670d2e.jpg"},"extralarge":{"default":"https://cdn.freshful.ro/media/cache/sylius_shop_product_original/08/89/28e6e3230d384bb501f03e670d2e.jpg"}},"label":{"text":"Profită acum","backgroundColor":"#FF9903","textColor":"#FFFFFF"},"tags":[],"isAvailable":true,"maxAvailableQuantity":100,"maxAllowedQuantity":100,"breadcrumbs":[{"code":"8","name":"Băcănie","slug":"8-ceva-sarat"},{"code":"803","name":"Condimente și sosuri","slug":"803-condimente-si-sosuri"},{"code":"80303","name":"Bază de mâncare și premix","slug":"80303-baza-de-mancare-si-premix"},{"code":"100061073","name":"Condimente pui cu usturoi Punga Magică 28g","slug":"100061073-knorr-condimente-pui-cu-usturoi-punga-magica-28g"}],"activePromotion":{"code":"freshful-top-deals-2023","name":"Preț avantajos","targetQuantity":null},"saveMe":null,"labels":[{"type":"v1","items":[{"text":"Profită acum","backgroundColor":"#FF9903","textColor":"#FFFFFF"}]}],"geniusPrice":null,"geniusUnitPricePerLabel":null,"banner":{"text":"Preț avantajos","textColor":"#F95510","bgColor":"#FEF1CD","icon":null,"link":"https://www.freshful.ro/oferte/freshful-top-deals-2023","type":"promo","analyticsEventType":"select_promotion","analyticsEventPayload":{"promotion_id":"freshful-top-deals-2023","promotion_name":"Profită de Top Deals"}},"discountLabel":null,"geniusDiscountLabel":null,"badge":null},{"code":"100001497","variantCode":"5941132014501","name":"Sos de soia 250ml","slug":"100001497-inedit-sos-de-soia-250ml","unitPriceLabel":"25,96 Lei/kg","brand":"Inedit","brandCode":"60","brandFilterCode":"inedit-b57","sku":"100001497","price":6.49,"originalPrice":8.15,"currencyCode":"RON","currency":"Lei","image":{"thumbnail":{"default":"https://cdn.freshful.ro/media/cache/sylius_shop_product_thumbnail/de/f3/46dc076f6cfaaa152a7a6de7d1cd.jpg"},"large":{"default":"https://cdn.freshful.ro/media/cache/freshful_large/de/f3/46dc076f6cfaaa152a7a6de7d1cd.jpg"},"extralarge":{"default":"https://cdn.freshful.ro/media/cache/sylius_shop_product_original/de/f3/46dc076f6cfaaa152a7a6de7d1cd.jpg"}},"label":{"text":"-20%","backgroundColor":"#FF9903","textColor":"#FFFFFF"},"tags":[{"type":"vegan","text":"Vegan","icon":"https://cdn.freshful.ro/assets/product_tags/vegan.svg","iconPng":"https://cdn.freshful.ro/assets/product_tags/vegan.png","backgroundColor":"#ECF9F8","textColor":"#33A39C"}],"isAvailable":true,"maxAvailableQuantity":100,"maxAllowedQuantity":100,"breadcrumbs":[{"code":"8","name":"Băcănie","slug":"8-ceva-sarat"},{"code":"803","name":"Condimente și sosuri","slug":"803-condimente-si-sosuri"},{"code":"80304","name":"Muștar, ketchup și maioneză","slug":"80304-mustar-ketchup-si-maioneza"},{"code":"100001497","name":"Sos de soia 250ml","slug":"100001497-inedit-sos-de-soia-250ml"}],"activePromotion":{"code":"special-produse-vegane-mar23","name":"Preț redus","targetQuantity":null},"saveMe":null,"labels":[{"type":"v1","items":[{"text":"-20%","backgroundColor":"#FF9903","textColor":"#FFFFFF"}]}],"geniusPrice":null,"geniusUnitPricePerLabel":null,"banner":{"text":"Super preț","textColor":"#FF0000","bgColor":"#FFF2EC","icon":null,"link":"https://www.freshful.ro/oferte/special-produse-vegane-mar23","type":"promo","analyticsEventType":"select_promotion","analyticsEventPayload":{"promotion_id":"special-produse-vegane-mar23","promotion_name":"Și bun, și de post"}},"discountLabel":"Economisești 20%","geniusDiscountLabel":null,"badge":null},{"code":"100061070","variantCode":"100061070","name":"Bază pentru mâncare gust de găină 400g","slug":"100061070-delikat-baza-pentru-mancare-gust-de-gaina-400g","unitPriceLabel":"","brand":"Delikat","brandCode":"140","brandFilterCode":"delikat-b124","sku":"100061070","price":11.99,"originalPrice":null,"currencyCode":"RON","currency":"Lei","image":{"thumbnail":{"default":"https://cdn.freshful.ro/media/cache/sylius_shop_product_thumbnail/fb/e2/131675a86735b49e02bc8348e5aa.jpg"},"large":{"default":"https://cdn.freshful.ro/media/cache/freshful_large/fb/e2/131675a86735b49e02bc8348e5aa.jpg"},"extralarge":{"default":"https://cdn.freshful.ro/media/cache/sylius_shop_product_original/fb/e2/131675a86735b49e02bc8348e5aa.jpg"}},"label":{"text":"Profită acum","backgroundColor":"#FF9903","textColor":"#FFFFFF"},"tags":[{"type":"MadeInRomania","text":"Made In Romania","icon":"https://cdn.freshful.ro/assets/product_tags/made_in_romania.svg","iconPng":"https://cdn.freshful.ro/assets/product_tags/made_in_romania.png","backgroundColor":"#EDF2FD","textColor":"#1653CA"}],"isAvailable":true,"maxAvailableQuantity":27,"maxAllowedQuantity":100,"breadcrumbs":[{"code":"8","name":"Băcănie","slug":"8-ceva-sarat"},{"code":"803","name":"Condimente și sosuri","slug":"803-condimente-si-sosuri"},{"code":"80303","name":"Bază de mâncare și premix","slug":"80303-baza-de-mancare-si-premix"},{"code":"100061070","name":"Bază pentru mâncare gust de găină 400g","slug":"100061070-delikat-baza-pentru-mancare-gust-de-gaina-400g"}],"activePromotion":{"code":"freshful-top-deals-2023","name":"Preț avantajos","targetQuantity":null},"saveMe":null,"labels":[{"type":"v1","items":[{"text":"Profită acum","backgroundColor":"#FF9903","textColor":"#FFFFFF"}]}],"geniusPrice":null,"geniusUnitPricePerLabel":null,"banner":{"text":"Preț avantajos","textColor":"#F95510","bgColor":"#FEF1CD","icon":null,"link":"https://www.freshful.ro/oferte/freshful-top-deals-2023","type":"promo","analyticsEventType":"select_promotion","analyticsEventPayload":{"promotion_id":"freshful-top-deals-2023","promotion_name":"Profită de Top Deals"}},"discountLabel":null,"geniusDiscountLabel":null,"badge":null},{"code":"100061076","variantCode":"100061076","name":"Condimente pentru porc cu usturoi și afumătură Punga Magică 29g","slug":"100061076-knorr-condimente-pentru-porc-cu-usturoi-si-afumatura-punga-magica-29g","unitPriceLabel":"172,07 Lei/kg","brand":"Knorr","brandCode":"139","brandFilterCode":"knorr-b123","sku":"100061076","price":4.99,"originalPrice":null,"currencyCode":"RON","currency":"Lei","image":{"thumbnail":{"default":"https://cdn.freshful.ro/media/cache/sylius_shop_product_thumbnail/72/85/61bbced47e31808eda6a44f125f1.jpg"},"large":{"default":"https://cdn.freshful.ro/media/cache/freshful_large/72/85/61bbced47e31808eda6a44f125f1.jpg"},"extralarge":{"default":"https://cdn.freshful.ro/media/cache/sylius_shop_product_original/72/85/61bbced47e31808eda6a44f125f1.jpg"}},"label":{"text":"Profită acum","backgroundColor":"#FF9903","textColor":"#FFFFFF"},"tags":[],"isAvailable":true,"maxAvailableQuantity":32,"maxAllowedQuantity":100,"breadcrumbs":[{"code":"8","name":"Băcănie","slug":"8-ceva-sarat"},{"code":"803","name":"Condimente și sosuri","slug":"803-condimente-si-sosuri"},{"code":"80303","name":"Bază de mâncare și premix","slug":"80303-baza-de-mancare-si-premix"},{"code":"100061076","name":"Condimente pentru porc cu usturoi și afumătură Punga Magică 29g","slug":"100061076-knorr-condimente-pentru-porc-cu-usturoi-si-afumatura-punga-magica-29g"}],"activePromotion":{"code":"freshful-top-deals-2023","name":"Preț avantajos","targetQuantity":null},"saveMe":null,"labels":[{"type":"v1","items":[{"text":"Profită acum","backgroundColor":"#FF9903","textColor":"#FFFFFF"}]}],"geniusPrice":null,"geniusUnitPricePerLabel":null,"banner":{"text":"Preț avantajos","textColor":"#F95510","bgColor":"#FEF1CD","icon":null,"link":"https://www.freshful.ro/oferte/freshful-top-deals-2023","type":"promo","analyticsEventType":"select_promotion","analyticsEventPayload":{"promotion_id":"freshful-top-deals-2023","promotion_name":"Profită de Top Deals"}},"discountLabel":null,"geniusDiscountLabel":null,"badge":null},{"code":"100075621","variantCode":"5902578006000","name":"Burger vegan mexican cu speltă, quinoa și linte roșie 140g","slug":"100075621-soligrano-burger-vegan-mexican-cu-spelta-quinoa-si-linte-rosie-140g","unitPriceLabel":"71,36 Lei/kg","brand":"Soligrano","brandCode":"981","brandFilterCode":"soligrano-b995","sku":"100075621","price":9.99,"originalPrice":11,"currencyCode":"RON","currency":"Lei","image":{"thumbnail":{"default":"https://cdn.freshful.ro/media/cache/sylius_shop_product_thumbnail/04/93/74f7912e626a1438d1be640a6f27.jpg"},"large":{"default":"https://cdn.freshful.ro/media/cache/freshful_large/04/93/74f7912e626a1438d1be640a6f27.jpg"},"extralarge":{"default":"https://cdn.freshful.ro/media/cache/sylius_shop_product_original/04/93/74f7912e626a1438d1be640a6f27.jpg"}},"label":{"text":"-9%","backgroundColor":"#FF9903","textColor":"#FFFFFF"},"tags":[{"type":"vegan","text":"Vegan","icon":"https://cdn.freshful.ro/assets/product_tags/vegan.svg","iconPng":"https://cdn.freshful.ro/assets/product_tags/vegan.png","backgroundColor":"#ECF9F8","textColor":"#33A39C"}],"isAvailable":true,"maxAvailableQuantity":16,"maxAllowedQuantity":100,"breadcrumbs":[{"code":"8","name":"Băcănie","slug":"8-ceva-sarat"},{"code":"803","name":"Condimente și sosuri","slug":"803-condimente-si-sosuri"},{"code":"80303","name":"Bază de mâncare și premix","slug":"80303-baza-de-mancare-si-premix"},{"code":"100075621","name":"Burger vegan mexican cu speltă, quinoa și linte roșie 140g","slug":"100075621-soligrano-burger-vegan-mexican-cu-spelta-quinoa-si-linte-rosie-140g"}],"activePromotion":{"code":"special-produse-vegane-mar23","name":"Preț redus","targetQuantity":null},"saveMe":null,"labels":[{"type":"v1","items":[{"text":"-9%","backgroundColor":"#FF9903","textColor":"#FFFFFF"}]}],"geniusPrice":null,"geniusUnitPricePerLabel":null,"banner":{"text":"Super preț","textColor":"#FF0000","bgColor":"#FFF2EC","icon":null,"link":"https://www.freshful.ro/oferte/special-produse-vegane-mar23","type":"promo","analyticsEventType":"select_promotion","analyticsEventPayload":{"promotion_id":"special-produse-vegane-mar23","promotion_name":"Și bun, și de post"}},"discountLabel":"Economisești 9%","geniusDiscountLabel":null,"badge":null},{"code":"100075623","variantCode":"5902578006024","name":"Falafel cu năut și spelta 140g","slug":"100075623-soligrano-falafel-cu-naut-si-spelta-140g","unitPriceLabel":"71,36 Lei/kg","brand":"Soligrano","brandCode":"981","brandFilterCode":"soligrano-b995","sku":"100075623","price":9.99,"originalPrice":11,"currencyCode":"RON","currency":"Lei","image":{"thumbnail":{"default":"https://cdn.freshful.ro/media/cache/sylius_shop_product_thumbnail/11/ef/9237a9b3cbe8b18f7c7a5c4c4073.jpg"},"large":{"default":"https://cdn.freshful.ro/media/cache/freshful_large/11/ef/9237a9b3cbe8b18f7c7a5c4c4073.jpg"},"extralarge":{"default":"https://cdn.freshful.ro/media/cache/sylius_shop_product_original/11/ef/9237a9b3cbe8b18f7c7a5c4c4073.jpg"}},"label":{"text":"-9%","backgroundColor":"#FF9903","textColor":"#FFFFFF"},"tags":[{"type":"vegan","text":"Vegan","icon":"https://cdn.freshful.ro/assets/product_tags/vegan.svg","iconPng":"https://cdn.freshful.ro/assets/product_tags/vegan.png","backgroundColor":"#ECF9F8","textColor":"#33A39C"}],"isAvailable":true,"maxAvailableQuantity":20,"maxAllowedQuantity":100,"breadcrumbs":[{"code":"8","name":"Băcănie","slug":"8-ceva-sarat"},{"code":"803","name":"Condimente și sosuri","slug":"803-condimente-si-sosuri"},{"code":"80303","name":"Bază de mâncare și premix","slug":"80303-baza-de-mancare-si-premix"},{"code":"100075623","name":"Falafel cu năut și spelta 140g","slug":"100075623-soligrano-falafel-cu-naut-si-spelta-140g"}],"activePromotion":{"code":"special-produse-vegane-mar23","name":"Preț redus","targetQuantity":null},"saveMe":null,"labels":[{"type":"v1","items":[{"text":"-9%","backgroundColor":"#FF9903","textColor":"#FFFFFF"}]}],"geniusPrice":null,"geniusUnitPricePerLabel":null,"banner":{"text":"Super preț","textColor":"#FF0000","bgColor":"#FFF2EC","icon":null,"link":"https://www.freshful.ro/oferte/special-produse-vegane-mar23","type":"promo","analyticsEventType":"select_promotion","analyticsEventPayload":{"promotion_id":"special-produse-vegane-mar23","promotion_name":"Și bun, și de post"}},"discountLabel":"Economisești 9%","geniusDiscountLabel":null,"badge":null},{"code":"100075622","variantCode":"5902578004778","name":"Burger vegan mediteranean cu spelta, roșii și năut 140g ","slug":"100075622-soligrano-burger-vegan-mediteranean-cu-spelta-rosii-si-naut-140g","unitPriceLabel":"71,36 Lei/kg","brand":"Soligrano","brandCode":"981","brandFilterCode":"soligrano-b995","sku":"100075622","price":9.99,"originalPrice":11,"currencyCode":"RON","currency":"Lei","image":{"thumbnail":{"default":"https://cdn.freshful.ro/media/cache/sylius_shop_product_thumbnail/e1/af/3509b59af94dba4707475f44b208.jpg"},"large":{"default":"https://cdn.freshful.ro/media/cache/freshful_large/e1/af/3509b59af94dba4707475f44b208.jpg"},"extralarge":{"default":"https://cdn.freshful.ro/media/cache/sylius_shop_product_original/e1/af/3509b59af94dba4707475f44b208.jpg"}},"label":{"text":"-9%","backgroundColor":"#FF9903","textColor":"#FFFFFF"},"tags":[{"type":"vegan","text":"Vegan","icon":"https://cdn.freshful.ro/assets/product_tags/vegan.svg","iconPng":"https://cdn.freshful.ro/assets/product_tags/vegan.png","backgroundColor":"#ECF9F8","textColor":"#33A39C"}],"isAvailable":true,"maxAvailableQuantity":10,"maxAllowedQuantity":100,"breadcrumbs":[{"code":"8","name":"Băcănie","slug":"8-ceva-sarat"},{"code":"803","name":"Condimente și sosuri","slug":"803-condimente-si-sosuri"},{"code":"80303","name":"Bază de mâncare și premix","slug":"80303-baza-de-mancare-si-premix"},{"code":"100075622","name":"Burger vegan mediteranean cu spelta, roșii și năut 140g ","slug":"100075622-soligrano-burger-vegan-mediteranean-cu-spelta-rosii-si-naut-140g"}],"activePromotion":{"code":"special-produse-vegane-mar23","name":"Preț redus","targetQuantity":null},"saveMe":null,"labels":[{"type":"v1","items":[{"text":"-9%","backgroundColor":"#FF9903","textColor":"#FFFFFF"}]}],"geniusPrice":null,"geniusUnitPricePerLabel":null,"banner":{"text":"Super preț","textColor":"#FF0000","bgColor":"#FFF2EC","icon":null,"link":"https://www.freshful.ro/oferte/special-produse-vegane-mar23","type":"promo","analyticsEventType":"select_promotion","analyticsEventPayload":{"promotion_id":"special-produse-vegane-mar23","promotion_name":"Și bun, și de post"}},"discountLabel":"Economisești 9%","geniusDiscountLabel":null,"badge":null},{"code":"100143516","variantCode":"100143516","name":"Maioneză 450ml","slug":"100143516-no-brand-maioneza-450ml","unitPriceLabel":"37,76 Lei/l","brand":"Calve","brandCode":"2778","brandFilterCode":"calve-b2852","sku":"100143516","price":16.99,"originalPrice":19.99,"currencyCode":"RON","currency":"Lei","image":{"thumbnail":{"default":"https://cdn.freshful.ro/media/cache/sylius_shop_product_thumbnail/c0/7b/7ae657790f17fd2217310bd36b7a.jpg"},"large":{"default":"https://cdn.freshful.ro/media/cache/freshful_large/c0/7b/7ae657790f17fd2217310bd36b7a.jpg"},"extralarge":{"default":"https://cdn.freshful.ro/media/cache/sylius_shop_product_original/c0/7b/7ae657790f17fd2217310bd36b7a.jpg"}},"label":{"text":"-15%","backgroundColor":"#FF9903","textColor":"#FFFFFF"},"tags":[],"isAvailable":true,"maxAvailableQuantity":29,"maxAllowedQuantity":100,"breadcrumbs":[{"code":"8","name":"Băcănie","slug":"8-ceva-sarat"},{"code":"803","name":"Condimente și sosuri","slug":"803-condimente-si-sosuri"},{"code":"80304","name":"Muștar, ketchup și maioneză","slug":"80304-mustar-ketchup-si-maioneza"},{"code":"100143516","name":"Maioneză 450ml","slug":"100143516-no-brand-maioneza-450ml"}],"activePromotion":{"code":"oferte-bacanie-bauturi-21feb-8mar23","name":"Preț redus","targetQuantity":null},"saveMe":null,"labels":[{"type":"v1","items":[{"text":"-15%","backgroundColor":"#FF9903","textColor":"#FFFFFF"}]}],"geniusPrice":null,"geniusUnitPricePerLabel":null,"banner":{"text":"Super preț","textColor":"#FF0000","bgColor":"#FFF2EC","icon":null,"link":"https://www.freshful.ro/oferte/oferte-bacanie-bauturi-21feb-8mar23","type":"promo","analyticsEventType":"select_promotion","analyticsEventPayload":{"promotion_id":"oferte-bacanie-bauturi-21feb-8mar23","promotion_name":"Cămara cu băuturi și bunătăți"}},"discountLabel":"Economisești 15%","geniusDiscountLabel":null,"badge":null},{"code":"100143433","variantCode":"100143433","name":"Piure de roșii 500g","slug":"100143433-valenii-de-munte-piure-de-rosii-500g","unitPriceLabel":"12,98 Lei/kg","brand":"Valenii De Munte","brandCode":"2712","brandFilterCode":"valenii-de-munte-b2718","sku":"100143433","price":6.49,"originalPrice":8.99,"currencyCode":"RON","currency":"Lei","image":{"thumbnail":{"default":"https://cdn.freshful.ro/media/cache/sylius_shop_product_thumbnail/57/4e/fe3568fea3ac85bda2daf4a22337.jpg"},"large":{"default":"https://cdn.freshful.ro/media/cache/freshful_large/57/4e/fe3568fea3ac85bda2daf4a22337.jpg"},"extralarge":{"default":"https://cdn.freshful.ro/media/cache/sylius_shop_product_original/57/4e/fe3568fea3ac85bda2daf4a22337.jpg"}},"label":{"text":"-27%","backgroundColor":"#FF9903","textColor":"#FFFFFF"},"tags":[],"isAvailable":true,"maxAvailableQuantity":64,"maxAllowedQuantity":100,"breadcrumbs":[{"code":"8","name":"Băcănie","slug":"8-ceva-sarat"},{"code":"803","name":"Condimente și sosuri","slug":"803-condimente-si-sosuri"},{"code":"80305","name":"Sosuri și pastă de tomate","slug":"80305-sosuri-si-pasta-de-tomate"},{"code":"100143433","name":"Piure de roșii 500g","slug":"100143433-valenii-de-munte-piure-de-rosii-500g"}],"activePromotion":{"code":"special-produse-vegane-mar23","name":"Preț redus","targetQuantity":null},"saveMe":null,"labels":[{"type":"v1","items":[{"text":"-27%","backgroundColor":"#FF9903","textColor":"#FFFFFF"}]}],"geniusPrice":null,"geniusUnitPricePerLabel":null,"banner":{"text":"Super preț","textColor":"#FF0000","bgColor":"#FFF2EC","icon":null,"link":"https://www.freshful.ro/oferte/special-produse-vegane-mar23","type":"promo","analyticsEventType":"select_promotion","analyticsEventPayload":{"promotion_id":"special-produse-vegane-mar23","promotion_name":"Și bun, și de post"}},"discountLabel":"Economisești 27%","geniusDiscountLabel":null,"badge":null},{"code":"100143519","variantCode":"100143519","name":"Sos de usturoi 250ml ","slug":"100143519-no-brand-sos-de-usturoi-250ml","unitPriceLabel":"55,96 Lei/l","brand":"Calve","brandCode":"2778","brandFilterCode":"calve-b2852","sku":"100143519","price":13.99,"originalPrice":16.99,"currencyCode":"RON","currency":"Lei","image":{"thumbnail":{"default":"https://cdn.freshful.ro/media/cache/sylius_shop_product_thumbnail/01/2b/912c52d9ba0dd6b529b0fc396f28.jpg"},"large":{"default":"https://cdn.freshful.ro/media/cache/freshful_large/01/2b/912c52d9ba0dd6b529b0fc396f28.jpg"},"extralarge":{"default":"https://cdn.freshful.ro/media/cache/sylius_shop_product_original/01/2b/912c52d9ba0dd6b529b0fc396f28.jpg"}},"label":{"text":"-17%","backgroundColor":"#FF9903","textColor":"#FFFFFF"},"tags":[{"type":"Vegetarian","text":"Vegetarian","icon":"https://cdn.freshful.ro/assets/product_tags/vegetarian.svg","iconPng":"https://cdn.freshful.ro/assets/product_tags/vegetarian.png","backgroundColor":"#FAEAEE","textColor":"#B26275"}],"isAvailable":true,"maxAvailableQuantity":19,"maxAllowedQuantity":100,"breadcrumbs":[{"code":"8","name":"Băcănie","slug":"8-ceva-sarat"},{"code":"803","name":"Condimente și sosuri","slug":"803-condimente-si-sosuri"},{"code":"80304","name":"Muștar, ketchup și maioneză","slug":"80304-mustar-ketchup-si-maioneza"},{"code":"100143519","name":"Sos de usturoi 250ml ","slug":"100143519-no-brand-sos-de-usturoi-250ml"}],"activePromotion":{"code":"oferte-bacanie-bauturi-21feb-8mar23","name":"Preț redus","targetQuantity":null},"saveMe":null,"labels":[{"type":"v1","items":[{"text":"-17%","backgroundColor":"#FF9903","textColor":"#FFFFFF"}]}],"geniusPrice":null,"geniusUnitPricePerLabel":null,"banner":{"text":"Super preț","textColor":"#FF0000","bgColor":"#FFF2EC","icon":null,"link":"https://www.freshful.ro/oferte/oferte-bacanie-bauturi-21feb-8mar23","type":"promo","analyticsEventType":"select_promotion","analyticsEventPayload":{"promotion_id":"oferte-bacanie-bauturi-21feb-8mar23","promotion_name":"Cămara cu băuturi și bunătăți"}},"discountLabel":"Economisești 17%","geniusDiscountLabel":null,"badge":null}]},{"analyticsListId":"category-slot_804-ulei-si-otet","analyticsListName":"Category Slot - Ulei și oțet","type":"products_carousel","title":"Ulei și oțet","link":{"title":"Mai multe","count":102,"url":"/c/8-ceva-sarat/804-ulei-si-otet"},"products":[{"code":"100117634","variantCode":"100117634","name":"Ulei rafinat din floarea-soarelui 1l","slug":"100117634-surasul-soarelui-ulei-rafinat-din-floarea-soarelui-1l","unitPriceLabel":"7,99 Lei/l","brand":"Surâsul Soarelui","brandCode":"2006","brandFilterCode":"surasul-soarelui-b1997","sku":"100117634","price":7.99,"originalPrice":null,"currencyCode":"RON","currency":"Lei","image":{"thumbnail":{"default":"https://cdn.freshful.ro/media/cache/sylius_shop_product_thumbnail/92/ed/355238502c803b677cfefff9f63e.jpg"},"large":{"default":"https://cdn.freshful.ro/media/cache/freshful_large/92/ed/355238502c803b677cfefff9f63e.jpg"},"extralarge":{"default":"https://cdn.freshful.ro/media/cache/sylius_shop_product_original/92/ed/355238502c803b677cfefff9f63e.jpg"}},"label":{"text":"Profită acum","backgroundColor":"#FF9903","textColor":"#FFFFFF"},"tags":[],"isAvailable":true,"maxAvailableQuantity":6,"maxAllowedQuantity":6,"breadcrumbs":[{"code":"8","name":"Băcănie","slug":"8-ceva-sarat"},{"code":"804","name":"Ulei și oțet","slug":"804-ulei-si-otet"},{"code":"80401","name":"Ulei de floarea soarelui","slug":"80401-ulei-de-floarea-soarelui"},{"code":"100117634","name":"Ulei rafinat din floarea-soarelui 1l","slug":"100117634-surasul-soarelui-ulei-rafinat-din-floarea-soarelui-1l"}],"activePromotion":{"code":"oferte-bacanie-bauturi-21feb-8mar23","name":"Preț avantajos","targetQuantity":null},"saveMe":null,"labels":[{"type":"v1","items":[{"text":"Profită acum","backgroundColor":"#FF9903","textColor":"#FFFFFF"}]}],"geniusPrice":null,"geniusUnitPricePerLabel":null,"banner":{"text":"Preț avantajos","textColor":"#F95510","bgColor":"#FEF1CD","icon":null,"link":"https://www.freshful.ro/oferte/oferte-bacanie-bauturi-21feb-8mar23","type":"promo","analyticsEventType":"select_promotion","analyticsEventPayload":{"promotion_id":"oferte-bacanie-bauturi-21feb-8mar23","promotion_name":"Cămara cu băuturi și bunătăți"}},"discountLabel":null,"geniusDiscountLabel":null,"badge":null},{"code":"100075541","variantCode":"5214000101024","name":"Ulei de măsline extravirgin 750ml","slug":"100075541-kidonakis-ulei-de-masline-extravirgin-750ml","unitPriceLabel":"59,99 Lei/l","brand":"Kidonakis","brandCode":"968","brandFilterCode":"kidonakis-b982","sku":"100075541","price":44.99,"originalPrice":null,"currencyCode":"RON","currency":"Lei","image":{"thumbnail":{"default":"https://cdn.freshful.ro/media/cache/sylius_shop_product_thumbnail/21/b3/11861022f407e61f77a9f26a3c98.jpg"},"large":{"default":"https://cdn.freshful.ro/media/cache/freshful_large/21/b3/11861022f407e61f77a9f26a3c98.jpg"},"extralarge":{"default":"https://cdn.freshful.ro/media/cache/sylius_shop_product_original/21/b3/11861022f407e61f77a9f26a3c98.jpg"}},"label":{"text":"Profită acum","backgroundColor":"#FF9903","textColor":"#FFFFFF"},"tags":[],"isAvailable":true,"maxAvailableQuantity":6,"maxAllowedQuantity":6,"breadcrumbs":[{"code":"8","name":"Băcănie","slug":"8-ceva-sarat"},{"code":"804","name":"Ulei și oțet","slug":"804-ulei-si-otet"},{"code":"80402","name":"Ulei de măsline","slug":"80402-ulei-de-masline"},{"code":"100075541","name":"Ulei de măsline extravirgin 750ml","slug":"100075541-kidonakis-ulei-de-masline-extravirgin-750ml"}],"activePromotion":{"code":"oferte-bacanie-bauturi-21feb-8mar23","name":"Preț avantajos","targetQuantity":null},"saveMe":null,"labels":[{"type":"v1","items":[{"text":"Profită acum","backgroundColor":"#FF9903","textColor":"#FFFFFF"}]}],"geniusPrice":null,"geniusUnitPricePerLabel":null,"banner":{"text":"Preț avantajos","textColor":"#F95510","bgColor":"#FEF1CD","icon":null,"link":"https://www.freshful.ro/oferte/oferte-bacanie-bauturi-21feb-8mar23","type":"promo","analyticsEventType":"select_promotion","analyticsEventPayload":{"promotion_id":"oferte-bacanie-bauturi-21feb-8mar23","promotion_name":"Cămara cu băuturi și bunătăți"}},"discountLabel":null,"geniusDiscountLabel":null,"badge":null},{"code":"100075590","variantCode":"5601252116157","name":"Oțet balsamic de Modena 250ml","slug":"100075590-gallo-otet-balsamic-de-modena-250ml","unitPriceLabel":"39,96 Lei/l","brand":"Gallo","brandCode":"976","brandFilterCode":"gallo-b990","sku":"100075590","price":9.99,"originalPrice":11.79,"currencyCode":"RON","currency":"Lei","image":{"thumbnail":{"default":"https://cdn.freshful.ro/media/cache/sylius_shop_product_thumbnail/c1/c1/a4a4ffaa2ae091be80460e9d2f47.jpg"},"large":{"default":"https://cdn.freshful.ro/media/cache/freshful_large/c1/c1/a4a4ffaa2ae091be80460e9d2f47.jpg"},"extralarge":{"default":"https://cdn.freshful.ro/media/cache/sylius_shop_product_original/c1/c1/a4a4ffaa2ae091be80460e9d2f47.jpg"}},"label":{"text":"-15%","backgroundColor":"#FF9903","textColor":"#FFFFFF"},"tags":[],"isAvailable":true,"maxAvailableQuantity":19,"maxAllowedQuantity":100,"breadcrumbs":[{"code":"8","name":"Băcănie","slug":"8-ceva-sarat"},{"code":"804","name":"Ulei și oțet","slug":"804-ulei-si-otet"},{"code":"80404","name":"Oțet","slug":"80404-otet"},{"code":"100075590","name":"Oțet balsamic de Modena 250ml","slug":"100075590-gallo-otet-balsamic-de-modena-250ml"}],"activePromotion":{"code":"oferte-bacanie-bauturi-21feb-8mar23","name":"Preț redus","targetQuantity":null},"saveMe":null,"labels":[{"type":"v1","items":[{"text":"-15%","backgroundColor":"#FF9903","textColor":"#FFFFFF"}]}],"geniusPrice":null,"geniusUnitPricePerLabel":null,"banner":{"text":"Super preț","textColor":"#FF0000","bgColor":"#FFF2EC","icon":null,"link":"https://www.freshful.ro/oferte/oferte-bacanie-bauturi-21feb-8mar23","type":"promo","analyticsEventType":"select_promotion","analyticsEventPayload":{"promotion_id":"oferte-bacanie-bauturi-21feb-8mar23","promotion_name":"Cămara cu băuturi și bunătăți"}},"discountLabel":"Economisești 15%","geniusDiscountLabel":null,"badge":null},{"code":"100141399","variantCode":"100141399","name":"Ulei de floarea soarelui untdelemn de la bunica, 1l","slug":"100141399-bunica-ulei-de-floarea-soarelui-untdelemn-de-la-bunica-1l","unitPriceLabel":"11,39 Lei/l","brand":"Bunica","brandCode":"262","brandFilterCode":"bunica-b263","sku":"100141399","price":11.39,"originalPrice":null,"currencyCode":"RON","currency":"Lei","image":{"thumbnail":{"default":"https://cdn.freshful.ro/media/cache/sylius_shop_product_thumbnail/64/49/9b51cb2d33b8f880038dd92352af.jpg"},"large":{"default":"https://cdn.freshful.ro/media/cache/freshful_large/64/49/9b51cb2d33b8f880038dd92352af.jpg"},"extralarge":{"default":"https://cdn.freshful.ro/media/cache/sylius_shop_product_original/64/49/9b51cb2d33b8f880038dd92352af.jpg"}},"label":null,"tags":[],"isAvailable":true,"maxAvailableQuantity":6,"maxAllowedQuantity":6,"breadcrumbs":[{"code":"8","name":"Băcănie","slug":"8-ceva-sarat"},{"code":"804","name":"Ulei și oțet","slug":"804-ulei-si-otet"},{"code":"80401","name":"Ulei de floarea soarelui","slug":"80401-ulei-de-floarea-soarelui"},{"code":"100141399","name":"Ulei de floarea soarelui untdelemn de la bunica, 1l","slug":"100141399-bunica-ulei-de-floarea-soarelui-untdelemn-de-la-bunica-1l"}],"activePromotion":null,"saveMe":null,"labels":[],"geniusPrice":null,"geniusUnitPricePerLabel":null,"banner":null,"discountLabel":null,"geniusDiscountLabel":null,"badge":null},{"code":"100151169","variantCode":"100151169","name":"Ulei rafinat de floarea-soarelui 1l","slug":"100151169-no-brand-ulei-rafinat-de-floarea-soarelui-1l","unitPriceLabel":"10,99 Lei/l","brand":"Delicia","brandCode":"3157","brandFilterCode":"delicia-b3251","sku":"100151169","price":10.99,"originalPrice":null,"currencyCode":"RON","currency":"Lei","image":{"thumbnail":{"default":"https://cdn.freshful.ro/media/cache/sylius_shop_product_thumbnail/c5/ea/83b0f6791080f43570a031340743.jpg"},"large":{"default":"https://cdn.freshful.ro/media/cache/freshful_large/c5/ea/83b0f6791080f43570a031340743.jpg"},"extralarge":{"default":"https://cdn.freshful.ro/media/cache/sylius_shop_product_original/c5/ea/83b0f6791080f43570a031340743.jpg"}},"label":null,"tags":[],"isAvailable":true,"maxAvailableQuantity":6,"maxAllowedQuantity":6,"breadcrumbs":[{"code":"8","name":"Băcănie","slug":"8-ceva-sarat"},{"code":"804","name":"Ulei și oțet","slug":"804-ulei-si-otet"},{"code":"80401","name":"Ulei de floarea soarelui","slug":"80401-ulei-de-floarea-soarelui"},{"code":"100151169","name":"Ulei rafinat de floarea-soarelui 1l","slug":"100151169-no-brand-ulei-rafinat-de-floarea-soarelui-1l"}],"activePromotion":null,"saveMe":null,"labels":[],"geniusPrice":null,"geniusUnitPricePerLabel":null,"banner":null,"discountLabel":null,"geniusDiscountLabel":null,"badge":null},{"code":"100097216","variantCode":"8007270000039","name":"Ulei de măsline extravirgin 500ml","slug":"100097216-costa-d-oro-ulei-de-masline-extravirgin-500ml","unitPriceLabel":"59,06 Lei/kg","brand":"Costa D'Oro","brandCode":"1620","brandFilterCode":"costa-d-oro-b1624","sku":"100097216","price":26.99,"originalPrice":null,"currencyCode":"RON","currency":"Lei","image":{"thumbnail":{"default":"https://cdn.freshful.ro/media/cache/sylius_shop_product_thumbnail/35/01/299526238809338f80626599a365.jpg"},"large":{"default":"https://cdn.freshful.ro/media/cache/freshful_large/35/01/299526238809338f80626599a365.jpg"},"extralarge":{"default":"https://cdn.freshful.ro/media/cache/sylius_shop_product_original/35/01/299526238809338f80626599a365.jpg"}},"label":null,"tags":[],"isAvailable":true,"maxAvailableQuantity":6,"maxAllowedQuantity":6,"breadcrumbs":[{"code":"8","name":"Băcănie","slug":"8-ceva-sarat"},{"code":"804","name":"Ulei și oțet","slug":"804-ulei-si-otet"},{"code":"80402","name":"Ulei de măsline","slug":"80402-ulei-de-masline"},{"code":"100097216","name":"Ulei de măsline extravirgin 500ml","slug":"100097216-costa-d-oro-ulei-de-masline-extravirgin-500ml"}],"activePromotion":null,"saveMe":null,"labels":[],"geniusPrice":null,"geniusUnitPricePerLabel":null,"banner":null,"discountLabel":null,"geniusDiscountLabel":null,"badge":null},{"code":"100063013","variantCode":"5948990130138","name":"Ulei rafinat de floarea-soarelui 1l","slug":"100063013-floriol-ulei-rafinat-de-floarea-soarelui-1l","unitPriceLabel":"12,15 Lei/l","brand":"Floriol","brandCode":"168","brandFilterCode":"floriol-b169","sku":"100063013","price":12.15,"originalPrice":null,"currencyCode":"RON","currency":"Lei","image":{"thumbnail":{"default":"https://cdn.freshful.ro/media/cache/sylius_shop_product_thumbnail/86/8f/704c85d701aaae0becf4f5623860.jpg"},"large":{"default":"https://cdn.freshful.ro/media/cache/freshful_large/86/8f/704c85d701aaae0becf4f5623860.jpg"},"extralarge":{"default":"https://cdn.freshful.ro/media/cache/sylius_shop_product_original/86/8f/704c85d701aaae0becf4f5623860.jpg"}},"label":null,"tags":[],"isAvailable":true,"maxAvailableQuantity":6,"maxAllowedQuantity":6,"breadcrumbs":[{"code":"8","name":"Băcănie","slug":"8-ceva-sarat"},{"code":"804","name":"Ulei și oțet","slug":"804-ulei-si-otet"},{"code":"80401","name":"Ulei de floarea soarelui","slug":"80401-ulei-de-floarea-soarelui"},{"code":"100063013","name":"Ulei rafinat de floarea-soarelui 1l","slug":"100063013-floriol-ulei-rafinat-de-floarea-soarelui-1l"}],"activePromotion":null,"saveMe":null,"labels":[],"geniusPrice":null,"geniusUnitPricePerLabel":null,"banner":null,"discountLabel":null,"geniusDiscountLabel":null,"badge":null},{"code":"100063018","variantCode":"5948990130237","name":"Ulei rafinat de floarea-soarelui de primă presă 1l","slug":"100063018-unisol-ulei-rafinat-de-floarea-soarelui-de-prima-presa-1l","unitPriceLabel":"11,99 Lei/l","brand":"Unisol","brandCode":"169","brandFilterCode":"unisol-b170","sku":"100063018","price":11.99,"originalPrice":null,"currencyCode":"RON","currency":"Lei","image":{"thumbnail":{"default":"https://cdn.freshful.ro/media/cache/sylius_shop_product_thumbnail/43/0e/49bdabef4944d8f2bbbfb3feee11.jpg"},"large":{"default":"https://cdn.freshful.ro/media/cache/freshful_large/43/0e/49bdabef4944d8f2bbbfb3feee11.jpg"},"extralarge":{"default":"https://cdn.freshful.ro/media/cache/sylius_shop_product_original/43/0e/49bdabef4944d8f2bbbfb3feee11.jpg"}},"label":null,"tags":[],"isAvailable":true,"maxAvailableQuantity":6,"maxAllowedQuantity":6,"breadcrumbs":[{"code":"8","name":"Băcănie","slug":"8-ceva-sarat"},{"code":"804","name":"Ulei și oțet","slug":"804-ulei-si-otet"},{"code":"80401","name":"Ulei de floarea soarelui","slug":"80401-ulei-de-floarea-soarelui"},{"code":"100063018","name":"Ulei rafinat de floarea-soarelui de primă presă 1l","slug":"100063018-unisol-ulei-rafinat-de-floarea-soarelui-de-prima-presa-1l"}],"activePromotion":null,"saveMe":null,"labels":[],"geniusPrice":null,"geniusUnitPricePerLabel":null,"banner":null,"discountLabel":null,"geniusDiscountLabel":null,"badge":null},{"code":"100065354","variantCode":"5941865004725","name":"Oțet de mere 0.5l","slug":"100065354-raureni-otet-de-mere-0-5l","unitPriceLabel":"8,1 Lei/l","brand":"Râureni","brandCode":"772","brandFilterCode":"raureni-b773","sku":"100065354","price":4.05,"originalPrice":null,"currencyCode":"RON","currency":"Lei","image":{"thumbnail":{"default":"https://cdn.freshful.ro/media/cache/sylius_shop_product_thumbnail/39/3f/f99a58d8897535ce476c65208883.jpg"},"large":{"default":"https://cdn.freshful.ro/media/cache/freshful_large/39/3f/f99a58d8897535ce476c65208883.jpg"},"extralarge":{"default":"https://cdn.freshful.ro/media/cache/sylius_shop_product_original/39/3f/f99a58d8897535ce476c65208883.jpg"}},"label":{"text":"Primul preț","backgroundColor":"#3A0808","textColor":"#FFFFFF"},"tags":[],"isAvailable":true,"maxAvailableQuantity":100,"maxAllowedQuantity":100,"breadcrumbs":[{"code":"8","name":"Băcănie","slug":"8-ceva-sarat"},{"code":"804","name":"Ulei și oțet","slug":"804-ulei-si-otet"},{"code":"80404","name":"Oțet","slug":"80404-otet"},{"code":"100065354","name":"Oțet de mere 0.5l","slug":"100065354-raureni-otet-de-mere-0-5l"}],"activePromotion":null,"saveMe":null,"labels":[{"type":"v4","items":[{"text":"Primul","backgroundColor":"#3A0808","textColor":"#FFFFFF"},{"text":"preț","backgroundColor":"#BC0606","textColor":"#FFFFFF"}]}],"geniusPrice":null,"geniusUnitPricePerLabel":null,"banner":null,"discountLabel":null,"geniusDiscountLabel":null,"badge":null},{"code":"100150734","variantCode":"100150734","name":"Ulei de măsline 1l","slug":"100150734-no-brand-ulei-de-masline-1l","unitPriceLabel":"23,5 Lei/l","brand":"ANTICO FRANTOIO","brandCode":"2999","brandFilterCode":"antico-frantoio-b3096","sku":"100150734","price":23.5,"originalPrice":null,"currencyCode":"RON","currency":"Lei","image":{"thumbnail":{"default":"https://cdn.freshful.ro/media/cache/sylius_shop_product_thumbnail/64/db/ee77637841554c6b920415983ee0.jpg"},"large":{"default":"https://cdn.freshful.ro/media/cache/freshful_large/64/db/ee77637841554c6b920415983ee0.jpg"},"extralarge":{"default":"https://cdn.freshful.ro/media/cache/sylius_shop_product_original/64/db/ee77637841554c6b920415983ee0.jpg"}},"label":{"text":"Primul preț","backgroundColor":"#3A0808","textColor":"#FFFFFF"},"tags":[],"isAvailable":true,"maxAvailableQuantity":6,"maxAllowedQuantity":6,"breadcrumbs":[{"code":"8","name":"Băcănie","slug":"8-ceva-sarat"},{"code":"804","name":"Ulei și oțet","slug":"804-ulei-si-otet"},{"code":"80402","name":"Ulei de măsline","slug":"80402-ulei-de-masline"},{"code":"100150734","name":"Ulei de măsline 1l","slug":"100150734-no-brand-ulei-de-masline-1l"}],"activePromotion":null,"saveMe":null,"labels":[{"type":"v4","items":[{"text":"Primul","backgroundColor":"#3A0808","textColor":"#FFFFFF"},{"text":"preț","backgroundColor":"#BC0606","textColor":"#FFFFFF"}]}],"geniusPrice":null,"geniusUnitPricePerLabel":null,"banner":null,"discountLabel":null,"geniusDiscountLabel":null,"badge":null}]},{"analyticsListId":"category-slot_805-aperitive-sarate","analyticsListName":"Category Slot - De ronțăit","type":"products_carousel","title":"De ronțăit","link":{"title":"Mai multe","count":459,"url":"/c/8-ceva-sarat/805-aperitive-sarate"},"products":[{"code":"100139036","variantCode":"100139036","name":"Chipsuri cu linte și paprika 65g","slug":"100139036-chio-chipsuri-cu-linte-si-paprika-65g","unitPriceLabel":"79,86 Lei/kg","brand":"Chio","brandCode":"238","brandFilterCode":"chio-b239","sku":"100139036","price":5.59,"originalPrice":null,"currencyCode":"RON","currency":"Lei","image":{"thumbnail":{"default":"https://cdn.freshful.ro/media/cache/sylius_shop_product_thumbnail/99/49/7a46a9593e541da64cdc9e7e8c2b.jpg"},"large":{"default":"https://cdn.freshful.ro/media/cache/freshful_large/99/49/7a46a9593e541da64cdc9e7e8c2b.jpg"},"extralarge":{"default":"https://cdn.freshful.ro/media/cache/sylius_shop_product_original/99/49/7a46a9593e541da64cdc9e7e8c2b.jpg"}},"label":{"text":"Profită acum","backgroundColor":"#FF9903","textColor":"#FFFFFF"},"tags":[],"isAvailable":true,"maxAvailableQuantity":6,"maxAllowedQuantity":6,"breadcrumbs":[{"code":"8","name":"Băcănie","slug":"8-ceva-sarat"},{"code":"805","name":"De ronțăit","slug":"805-aperitive-sarate"},{"code":"80501","name":"Chipsuri","slug":"80501-chipsuri"},{"code":"100139036","name":"Chipsuri cu linte și paprika 65g","slug":"100139036-chio-chipsuri-cu-linte-si-paprika-65g"}],"activePromotion":{"code":"targ-bere-snacks-mar23","name":"Preț avantajos","targetQuantity":null},"saveMe":null,"labels":[{"type":"v1","items":[{"text":"Profită acum","backgroundColor":"#FF9903","textColor":"#FFFFFF"}]}],"geniusPrice":null,"geniusUnitPricePerLabel":null,"banner":{"text":"Preț avantajos","textColor":"#F95510","bgColor":"#FEF1CD","icon":null,"link":"https://www.freshful.ro/oferte/targ-bere-snacks-mar23","type":"promo","analyticsEventType":"select_promotion","analyticsEventPayload":{"promotion_id":"targ-bere-snacks-mar23","promotion_name":"Bere și snackuri pentru toate gusturile"}},"discountLabel":null,"geniusDiscountLabel":null,"badge":null},{"code":"100139037","variantCode":"100139037","name":"Chipsuri cu linte, smântână și ceapă 65g","slug":"100139037-chio-chipsuri-cu-linte-smantana-si-ceapa-65g","unitPriceLabel":"79,86 Lei/kg","brand":"Chio","brandCode":"238","brandFilterCode":"chio-b239","sku":"100139037","price":5.59,"originalPrice":null,"currencyCode":"RON","currency":"Lei","image":{"thumbnail":{"default":"https://cdn.freshful.ro/media/cache/sylius_shop_product_thumbnail/64/08/835595898de3b4f79c736d8dc8c8.jpg"},"large":{"default":"https://cdn.freshful.ro/media/cache/freshful_large/64/08/835595898de3b4f79c736d8dc8c8.jpg"},"extralarge":{"default":"https://cdn.freshful.ro/media/cache/sylius_shop_product_original/64/08/835595898de3b4f79c736d8dc8c8.jpg"}},"label":{"text":"Profită acum","backgroundColor":"#FF9903","textColor":"#FFFFFF"},"tags":[],"isAvailable":true,"maxAvailableQuantity":6,"maxAllowedQuantity":6,"breadcrumbs":[{"code":"8","name":"Băcănie","slug":"8-ceva-sarat"},{"code":"805","name":"De ronțăit","slug":"805-aperitive-sarate"},{"code":"80501","name":"Chipsuri","slug":"80501-chipsuri"},{"code":"100139037","name":"Chipsuri cu linte, smântână și ceapă 65g","slug":"100139037-chio-chipsuri-cu-linte-smantana-si-ceapa-65g"}],"activePromotion":{"code":"targ-bere-snacks-mar23","name":"Preț avantajos","targetQuantity":null},"saveMe":null,"labels":[{"type":"v1","items":[{"text":"Profită acum","backgroundColor":"#FF9903","textColor":"#FFFFFF"}]}],"geniusPrice":null,"geniusUnitPricePerLabel":null,"banner":{"text":"Preț avantajos","textColor":"#F95510","bgColor":"#FEF1CD","icon":null,"link":"https://www.freshful.ro/oferte/targ-bere-snacks-mar23","type":"promo","analyticsEventType":"select_promotion","analyticsEventPayload":{"promotion_id":"targ-bere-snacks-mar23","promotion_name":"Bere și snackuri pentru toate gusturile"}},"discountLabel":null,"geniusDiscountLabel":null,"badge":null},{"code":"100078575","variantCode":"100078575","name":"Chipsuri cu sare 200g","slug":"100078575-chio-chipsuri-cu-sare-200g","unitPriceLabel":"44,95 Lei/kg","brand":"Chio","brandCode":"238","brandFilterCode":"chio-b239","sku":"100078575","price":8.99,"originalPrice":null,"currencyCode":"RON","currency":"Lei","image":{"thumbnail":{"default":"https://cdn.freshful.ro/media/cache/sylius_shop_product_thumbnail/d6/91/3d1c56555e83f9aeb3c241032863.jpg"},"large":{"default":"https://cdn.freshful.ro/media/cache/freshful_large/d6/91/3d1c56555e83f9aeb3c241032863.jpg"},"extralarge":{"default":"https://cdn.freshful.ro/media/cache/sylius_shop_product_original/d6/91/3d1c56555e83f9aeb3c241032863.jpg"}},"label":{"text":"Profită acum","backgroundColor":"#FF9903","textColor":"#FFFFFF"},"tags":[],"isAvailable":true,"maxAvailableQuantity":6,"maxAllowedQuantity":6,"breadcrumbs":[{"code":"8","name":"Băcănie","slug":"8-ceva-sarat"},{"code":"805","name":"De ronțăit","slug":"805-aperitive-sarate"},{"code":"80501","name":"Chipsuri","slug":"80501-chipsuri"},{"code":"100078575","name":"Chipsuri cu sare 200g","slug":"100078575-chio-chipsuri-cu-sare-200g"}],"activePromotion":{"code":"targ-bere-snacks-mar23","name":"Preț avantajos","targetQuantity":null},"saveMe":null,"labels":[{"type":"v1","items":[{"text":"Profită acum","backgroundColor":"#FF9903","textColor":"#FFFFFF"}]}],"geniusPrice":null,"geniusUnitPricePerLabel":null,"banner":{"text":"Preț avantajos","textColor":"#F95510","bgColor":"#FEF1CD","icon":null,"link":"https://www.freshful.ro/oferte/targ-bere-snacks-mar23","type":"promo","analyticsEventType":"select_promotion","analyticsEventPayload":{"promotion_id":"targ-bere-snacks-mar23","promotion_name":"Bere și snackuri pentru toate gusturile"}},"discountLabel":null,"geniusDiscountLabel":null,"badge":null},{"code":"100078631","variantCode":"5941448003336","name":"Semințe dovleac cu sare 200g","slug":"100078631-nutline-seminte-dovleac-cu-sare-200g","unitPriceLabel":"64,95 Lei/kg","brand":"Nutline","brandCode":"240","brandFilterCode":"nutline-b241","sku":"100078631","price":12.99,"originalPrice":14.7,"currencyCode":"RON","currency":"Lei","image":{"thumbnail":{"default":"https://cdn.freshful.ro/media/cache/sylius_shop_product_thumbnail/88/34/6e9f277d7b74a7452f616ff70fea.jpg"},"large":{"default":"https://cdn.freshful.ro/media/cache/freshful_large/88/34/6e9f277d7b74a7452f616ff70fea.jpg"},"extralarge":{"default":"https://cdn.freshful.ro/media/cache/sylius_shop_product_original/88/34/6e9f277d7b74a7452f616ff70fea.jpg"}},"label":{"text":"-11%","backgroundColor":"#FF9903","textColor":"#FFFFFF"},"tags":[],"isAvailable":true,"maxAvailableQuantity":100,"maxAllowedQuantity":100,"breadcrumbs":[{"code":"8","name":"Băcănie","slug":"8-ceva-sarat"},{"code":"805","name":"De ronțăit","slug":"805-aperitive-sarate"},{"code":"80503","name":"Semințe, alune și mixuri","slug":"80503-seminte-alune-si-fructe-uscate"},{"code":"100078631","name":"Semințe dovleac cu sare 200g","slug":"100078631-nutline-seminte-dovleac-cu-sare-200g"}],"activePromotion":{"code":"targ-bere-snacks-mar23","name":"Preț redus","targetQuantity":null},"saveMe":null,"labels":[{"type":"v1","items":[{"text":"-11%","backgroundColor":"#FF9903","textColor":"#FFFFFF"}]}],"geniusPrice":null,"geniusUnitPricePerLabel":null,"banner":{"text":"Super preț","textColor":"#FF0000","bgColor":"#FFF2EC","icon":null,"link":"https://www.freshful.ro/oferte/targ-bere-snacks-mar23","type":"promo","analyticsEventType":"select_promotion","analyticsEventPayload":{"promotion_id":"targ-bere-snacks-mar23","promotion_name":"Bere și snackuri pentru toate gusturile"}},"discountLabel":"Economisești 11%","geniusDiscountLabel":null,"badge":null},{"code":"100078639","variantCode":"100078639","name":"Mix de snackuri coapte 200g","slug":"100078639-chio-mix-de-snackuri-coapte-200g","unitPriceLabel":"39,95 Lei/kg","brand":"Chio","brandCode":"238","brandFilterCode":"chio-b239","sku":"100078639","price":7.99,"originalPrice":null,"currencyCode":"RON","currency":"Lei","image":{"thumbnail":{"default":"https://cdn.freshful.ro/media/cache/sylius_shop_product_thumbnail/65/27/6690380859eaa8b97e4056a52183.jpg"},"large":{"default":"https://cdn.freshful.ro/media/cache/freshful_large/65/27/6690380859eaa8b97e4056a52183.jpg"},"extralarge":{"default":"https://cdn.freshful.ro/media/cache/sylius_shop_product_original/65/27/6690380859eaa8b97e4056a52183.jpg"}},"label":{"text":"Profită acum","backgroundColor":"#FF9903","textColor":"#FFFFFF"},"tags":[],"isAvailable":true,"maxAvailableQuantity":86,"maxAllowedQuantity":100,"breadcrumbs":[{"code":"8","name":"Băcănie","slug":"8-ceva-sarat"},{"code":"805","name":"De ronțăit","slug":"805-aperitive-sarate"},{"code":"80502","name":"Snacks și popcorn","slug":"80502-snacks-si-popcorn"},{"code":"100078639","name":"Mix de snackuri coapte 200g","slug":"100078639-chio-mix-de-snackuri-coapte-200g"}],"activePromotion":{"code":"targ-bere-snacks-mar23","name":"Preț avantajos","targetQuantity":null},"saveMe":null,"labels":[{"type":"v1","items":[{"text":"Profită acum","backgroundColor":"#FF9903","textColor":"#FFFFFF"}]}],"geniusPrice":null,"geniusUnitPricePerLabel":null,"banner":{"text":"Preț avantajos","textColor":"#F95510","bgColor":"#FEF1CD","icon":null,"link":"https://www.freshful.ro/oferte/targ-bere-snacks-mar23","type":"promo","analyticsEventType":"select_promotion","analyticsEventPayload":{"promotion_id":"targ-bere-snacks-mar23","promotion_name":"Bere și snackuri pentru toate gusturile"}},"discountLabel":null,"geniusDiscountLabel":null,"badge":null},{"code":"100135171","variantCode":"100135171","name":"Chipsuri de legume exotice cu sare de mare 110g","slug":"100135171-terra-chipsuri-de-legume-exotice-cu-sare-de-mare-110g","unitPriceLabel":"15,99 Lei/buc","brand":"Terra","brandCode":"1142","brandFilterCode":"terra-b1143","sku":"100135171","price":15.99,"originalPrice":null,"currencyCode":"RON","currency":"Lei","image":{"thumbnail":{"default":"https://cdn.freshful.ro/media/cache/sylius_shop_product_thumbnail/94/16/703b3dbf83433c0394ea0352b900.jpg"},"large":{"default":"https://cdn.freshful.ro/media/cache/freshful_large/94/16/703b3dbf83433c0394ea0352b900.jpg"},"extralarge":{"default":"https://cdn.freshful.ro/media/cache/sylius_shop_product_original/94/16/703b3dbf83433c0394ea0352b900.jpg"}},"label":{"text":"Profită acum","backgroundColor":"#FF9903","textColor":"#FFFFFF"},"tags":[{"type":"vegan","text":"Vegan","icon":"https://cdn.freshful.ro/assets/product_tags/vegan.svg","iconPng":"https://cdn.freshful.ro/assets/product_tags/vegan.png","backgroundColor":"#ECF9F8","textColor":"#33A39C"},{"type":"NoGluten","text":"Fara gluten","icon":"https://cdn.freshful.ro/assets/product_tags/fara_gluten.svg","iconPng":"https://cdn.freshful.ro/assets/product_tags/fara_gluten.png","backgroundColor":"#FFF2E5","textColor":"#F07900"}],"isAvailable":true,"maxAvailableQuantity":6,"maxAllowedQuantity":6,"breadcrumbs":[{"code":"8","name":"Băcănie","slug":"8-ceva-sarat"},{"code":"805","name":"De ronțăit","slug":"805-aperitive-sarate"},{"code":"80501","name":"Chipsuri","slug":"80501-chipsuri"},{"code":"100135171","name":"Chipsuri de legume exotice cu sare de mare 110g","slug":"100135171-terra-chipsuri-de-legume-exotice-cu-sare-de-mare-110g"}],"activePromotion":{"code":"oferte-bacanie-bauturi-21feb-8mar23","name":"Preț avantajos","targetQuantity":null},"saveMe":null,"labels":[{"type":"v1","items":[{"text":"Profită acum","backgroundColor":"#FF9903","textColor":"#FFFFFF"}]}],"geniusPrice":null,"geniusUnitPricePerLabel":null,"banner":{"text":"Preț avantajos","textColor":"#F95510","bgColor":"#FEF1CD","icon":null,"link":"https://www.freshful.ro/oferte/oferte-bacanie-bauturi-21feb-8mar23","type":"promo","analyticsEventType":"select_promotion","analyticsEventPayload":{"promotion_id":"oferte-bacanie-bauturi-21feb-8mar23","promotion_name":"Cămara cu băuturi și bunătăți"}},"discountLabel":null,"geniusDiscountLabel":null,"badge":null},{"code":"100078576","variantCode":"100078576","name":"Chipsuri cu gust de ardei gras 200g","slug":"100078576-chio-chipsuri-cu-gust-de-ardei-gras-200g","unitPriceLabel":"44,95 Lei/kg","brand":"Chio","brandCode":"238","brandFilterCode":"chio-b239","sku":"100078576","price":8.99,"originalPrice":null,"currencyCode":"RON","currency":"Lei","image":{"thumbnail":{"default":"https://cdn.freshful.ro/media/cache/sylius_shop_product_thumbnail/bd/f4/9893cecf4ddf8170eb041393099d.jpg"},"large":{"default":"https://cdn.freshful.ro/media/cache/freshful_large/bd/f4/9893cecf4ddf8170eb041393099d.jpg"},"extralarge":{"default":"https://cdn.freshful.ro/media/cache/sylius_shop_product_original/bd/f4/9893cecf4ddf8170eb041393099d.jpg"}},"label":{"text":"Profită acum","backgroundColor":"#FF9903","textColor":"#FFFFFF"},"tags":[],"isAvailable":true,"maxAvailableQuantity":6,"maxAllowedQuantity":6,"breadcrumbs":[{"code":"8","name":"Băcănie","slug":"8-ceva-sarat"},{"code":"805","name":"De ronțăit","slug":"805-aperitive-sarate"},{"code":"80501","name":"Chipsuri","slug":"80501-chipsuri"},{"code":"100078576","name":"Chipsuri cu gust de ardei gras 200g","slug":"100078576-chio-chipsuri-cu-gust-de-ardei-gras-200g"}],"activePromotion":{"code":"targ-bere-snacks-mar23","name":"Preț avantajos","targetQuantity":null},"saveMe":null,"labels":[{"type":"v1","items":[{"text":"Profită acum","backgroundColor":"#FF9903","textColor":"#FFFFFF"}]}],"geniusPrice":null,"geniusUnitPricePerLabel":null,"banner":{"text":"Preț avantajos","textColor":"#F95510","bgColor":"#FEF1CD","icon":null,"link":"https://www.freshful.ro/oferte/targ-bere-snacks-mar23","type":"promo","analyticsEventType":"select_promotion","analyticsEventPayload":{"promotion_id":"targ-bere-snacks-mar23","promotion_name":"Bere și snackuri pentru toate gusturile"}},"discountLabel":null,"geniusDiscountLabel":null,"badge":null},{"code":"100078615","variantCode":"5941445671859","name":"Arahide prăjite fără sare 135g","slug":"100078615-nutline-arahide-prajite-fara-sare-135g","unitPriceLabel":"59,19 Lei/kg","brand":"Nutline","brandCode":"240","brandFilterCode":"nutline-b241","sku":"100078615","price":7.99,"originalPrice":null,"currencyCode":"RON","currency":"Lei","image":{"thumbnail":{"default":"https://cdn.freshful.ro/media/cache/sylius_shop_product_thumbnail/9f/73/7ed1b4e5e84f4b193f988cef4df1.jpg"},"large":{"default":"https://cdn.freshful.ro/media/cache/freshful_large/9f/73/7ed1b4e5e84f4b193f988cef4df1.jpg"},"extralarge":{"default":"https://cdn.freshful.ro/media/cache/sylius_shop_product_original/9f/73/7ed1b4e5e84f4b193f988cef4df1.jpg"}},"label":{"text":"Profită acum","backgroundColor":"#FF9903","textColor":"#FFFFFF"},"tags":[],"isAvailable":true,"maxAvailableQuantity":96,"maxAllowedQuantity":100,"breadcrumbs":[{"code":"8","name":"Băcănie","slug":"8-ceva-sarat"},{"code":"805","name":"De ronțăit","slug":"805-aperitive-sarate"},{"code":"80503","name":"Semințe, alune și mixuri","slug":"80503-seminte-alune-si-fructe-uscate"},{"code":"100078615","name":"Arahide prăjite fără sare 135g","slug":"100078615-nutline-arahide-prajite-fara-sare-135g"}],"activePromotion":{"code":"freshful-top-deals-2023","name":"Preț avantajos","targetQuantity":null},"saveMe":null,"labels":[{"type":"v1","items":[{"text":"Profită acum","backgroundColor":"#FF9903","textColor":"#FFFFFF"}]}],"geniusPrice":null,"geniusUnitPricePerLabel":null,"banner":{"text":"Preț avantajos","textColor":"#F95510","bgColor":"#FEF1CD","icon":null,"link":"https://www.freshful.ro/oferte/freshful-top-deals-2023","type":"promo","analyticsEventType":"select_promotion","analyticsEventPayload":{"promotion_id":"freshful-top-deals-2023","promotion_name":"Profită de Top Deals"}},"discountLabel":null,"geniusDiscountLabel":null,"badge":null},{"code":"100129416","variantCode":"100129416","name":"Chipsuri din cartofi cu gust de cașcaval 200g","slug":"100129416-chio-chipsuri-din-cartofi-cu-gust-de-cascaval-200g","unitPriceLabel":"44,95 Lei/kg","brand":"Chio","brandCode":"238","brandFilterCode":"chio-b239","sku":"100129416","price":8.99,"originalPrice":null,"currencyCode":"RON","currency":"Lei","image":{"thumbnail":{"default":"https://cdn.freshful.ro/media/cache/sylius_shop_product_thumbnail/d1/0d/6658bfe50a196130c61000a63562.jpg"},"large":{"default":"https://cdn.freshful.ro/media/cache/freshful_large/d1/0d/6658bfe50a196130c61000a63562.jpg"},"extralarge":{"default":"https://cdn.freshful.ro/media/cache/sylius_shop_product_original/d1/0d/6658bfe50a196130c61000a63562.jpg"}},"label":{"text":"Profită acum","backgroundColor":"#FF9903","textColor":"#FFFFFF"},"tags":[],"isAvailable":true,"maxAvailableQuantity":6,"maxAllowedQuantity":6,"breadcrumbs":[{"code":"8","name":"Băcănie","slug":"8-ceva-sarat"},{"code":"805","name":"De ronțăit","slug":"805-aperitive-sarate"},{"code":"80501","name":"Chipsuri","slug":"80501-chipsuri"},{"code":"100129416","name":"Chipsuri din cartofi cu gust de cașcaval 200g","slug":"100129416-chio-chipsuri-din-cartofi-cu-gust-de-cascaval-200g"}],"activePromotion":{"code":"targ-bere-snacks-mar23","name":"Preț avantajos","targetQuantity":null},"saveMe":null,"labels":[{"type":"v1","items":[{"text":"Profită acum","backgroundColor":"#FF9903","textColor":"#FFFFFF"}]}],"geniusPrice":null,"geniusUnitPricePerLabel":null,"banner":{"text":"Preț avantajos","textColor":"#F95510","bgColor":"#FEF1CD","icon":null,"link":"https://www.freshful.ro/oferte/targ-bere-snacks-mar23","type":"promo","analyticsEventType":"select_promotion","analyticsEventPayload":{"promotion_id":"targ-bere-snacks-mar23","promotion_name":"Bere și snackuri pentru toate gusturile"}},"discountLabel":null,"geniusDiscountLabel":null,"badge":null},{"code":"100078654","variantCode":"100078654","name":"Fistic în coajă cu sare 200g","slug":"100078654-nutline-fistic-in-coaja-cu-sare-200g","unitPriceLabel":"134,95 Lei/kg","brand":"Nutline","brandCode":"240","brandFilterCode":"nutline-b241","sku":"100078654","price":26.99,"originalPrice":33.9,"currencyCode":"RON","currency":"Lei","image":{"thumbnail":{"default":"https://cdn.freshful.ro/media/cache/sylius_shop_product_thumbnail/87/48/98fd297565026da80f32af0312a0.jpg"},"large":{"default":"https://cdn.freshful.ro/media/cache/freshful_large/87/48/98fd297565026da80f32af0312a0.jpg"},"extralarge":{"default":"https://cdn.freshful.ro/media/cache/sylius_shop_product_original/87/48/98fd297565026da80f32af0312a0.jpg"}},"label":{"text":"-20%","backgroundColor":"#FF9903","textColor":"#FFFFFF"},"tags":[],"isAvailable":true,"maxAvailableQuantity":19,"maxAllowedQuantity":100,"breadcrumbs":[{"code":"8","name":"Băcănie","slug":"8-ceva-sarat"},{"code":"805","name":"De ronțăit","slug":"805-aperitive-sarate"},{"code":"80503","name":"Semințe, alune și mixuri","slug":"80503-seminte-alune-si-fructe-uscate"},{"code":"100078654","name":"Fistic în coajă cu sare 200g","slug":"100078654-nutline-fistic-in-coaja-cu-sare-200g"}],"activePromotion":{"code":"targ-bere-snacks-mar23","name":"Preț redus","targetQuantity":null},"saveMe":null,"labels":[{"type":"v1","items":[{"text":"-20%","backgroundColor":"#FF9903","textColor":"#FFFFFF"}]}],"geniusPrice":null,"geniusUnitPricePerLabel":null,"banner":{"text":"Super preț","textColor":"#FF0000","bgColor":"#FFF2EC","icon":null,"link":"https://www.freshful.ro/oferte/targ-bere-snacks-mar23","type":"promo","analyticsEventType":"select_promotion","analyticsEventPayload":{"promotion_id":"targ-bere-snacks-mar23","promotion_name":"Bere și snackuri pentru toate gusturile"}},"discountLabel":"Economisești 20%","geniusDiscountLabel":null,"badge":null}]},{"analyticsListId":"category-slot_faina-zahar-si-produse-gourmet","analyticsListName":"Category Slot - Făină, zahăr și produse gourmet","type":"products_carousel","title":"Făină, zahăr și produse gourmet","link":{"title":"Mai multe","count":408,"url":"/c/8-ceva-sarat/faina-zahar-si-produse-gourmet"},"products":[{"code":"100091929","variantCode":"100091929","name":"Făină de grâu albă 650 1kg","slug":"100091929-baneasa-faina-de-grau-alba-650-1kg","unitPriceLabel":"2,39 Lei/kg","brand":"Băneasa","brandCode":"1560","brandFilterCode":"baneasa-b1557","sku":"100091929","price":2.39,"originalPrice":2.89,"currencyCode":"RON","currency":"Lei","image":{"thumbnail":{"default":"https://cdn.freshful.ro/media/cache/sylius_shop_product_thumbnail/21/54/dcd425ae311f414a82e3d8a67d3e.jpg"},"large":{"default":"https://cdn.freshful.ro/media/cache/freshful_large/21/54/dcd425ae311f414a82e3d8a67d3e.jpg"},"extralarge":{"default":"https://cdn.freshful.ro/media/cache/sylius_shop_product_original/21/54/dcd425ae311f414a82e3d8a67d3e.jpg"}},"label":{"text":"-17%","backgroundColor":"#FF9903","textColor":"#FFFFFF"},"tags":[],"isAvailable":true,"maxAvailableQuantity":100,"maxAllowedQuantity":100,"breadcrumbs":[{"code":"8","name":"Băcănie","slug":"8-ceva-sarat"},{"code":"806","name":"Făină, zahăr și produse gourmet","slug":"faina-zahar-si-produse-gourmet"},{"code":"80601","name":"Făină, mălai și griș","slug":"faina-malai-si-gris"},{"code":"100091929","name":"Făină de grâu albă 650 1kg","slug":"100091929-baneasa-faina-de-grau-alba-650-1kg"}],"activePromotion":{"code":"superpreturile-saptamanii","name":"Preț redus","targetQuantity":null},"saveMe":null,"labels":[{"type":"v1","items":[{"text":"-17%","backgroundColor":"#FF9903","textColor":"#FFFFFF"}]}],"geniusPrice":null,"geniusUnitPricePerLabel":null,"banner":{"text":"Super preț","textColor":"#FF0000","bgColor":"#FFF2EC","icon":null,"link":"https://www.freshful.ro/oferte/superpreturile-saptamanii","type":"promo","analyticsEventType":"select_promotion","analyticsEventPayload":{"promotion_id":"superpreturile-saptamanii","promotion_name":"Superprețurile zilei"}},"discountLabel":"Economisești 17%","geniusDiscountLabel":null,"badge":null},{"code":"100075587","variantCode":"5949064010059","name":"Zahăr brut din trestie de zahăr 500g","slug":"100075587-sarkara-zahar-brut-din-trestie-de-zahar-500g","unitPriceLabel":"13,98 Lei/kg","brand":"Sarkara","brandCode":"975","brandFilterCode":"sarkara-b989","sku":"100075587","price":6.99,"originalPrice":7.39,"currencyCode":"RON","currency":"Lei","image":{"thumbnail":{"default":"https://cdn.freshful.ro/media/cache/sylius_shop_product_thumbnail/2d/d4/d9fbd0a9faa407a853b2e2796b35.jpg"},"large":{"default":"https://cdn.freshful.ro/media/cache/freshful_large/2d/d4/d9fbd0a9faa407a853b2e2796b35.jpg"},"extralarge":{"default":"https://cdn.freshful.ro/media/cache/sylius_shop_product_original/2d/d4/d9fbd0a9faa407a853b2e2796b35.jpg"}},"label":{"text":"-5%","backgroundColor":"#FF9903","textColor":"#FFFFFF"},"tags":[],"isAvailable":true,"maxAvailableQuantity":100,"maxAllowedQuantity":100,"breadcrumbs":[{"code":"8","name":"Băcănie","slug":"8-ceva-sarat"},{"code":"806","name":"Făină, zahăr și produse gourmet","slug":"faina-zahar-si-produse-gourmet"},{"code":"80602","name":"Zahăr","slug":"zahar"},{"code":"100075587","name":"Zahăr brut din trestie de zahăr 500g","slug":"100075587-sarkara-zahar-brut-din-trestie-de-zahar-500g"}],"activePromotion":{"code":"oferte-bacanie-bauturi-21feb-8mar23","name":"Preț redus","targetQuantity":null},"saveMe":null,"labels":[{"type":"v1","items":[{"text":"-5%","backgroundColor":"#FF9903","textColor":"#FFFFFF"}]}],"geniusPrice":null,"geniusUnitPricePerLabel":null,"banner":{"text":"Super preț","textColor":"#FF0000","bgColor":"#FFF2EC","icon":null,"link":"https://www.freshful.ro/oferte/oferte-bacanie-bauturi-21feb-8mar23","type":"promo","analyticsEventType":"select_promotion","analyticsEventPayload":{"promotion_id":"oferte-bacanie-bauturi-21feb-8mar23","promotion_name":"Cămara cu băuturi și bunătăți"}},"discountLabel":"Economisești 5%","geniusDiscountLabel":null,"badge":null},{"code":"100091930","variantCode":"100091930","name":"Făină de grâu albă superioară 000 1kg","slug":"100091930-baneasa-faina-de-grau-alba-superioara-000-1kg","unitPriceLabel":"5,79 Lei/kg","brand":"Băneasa","brandCode":"1560","brandFilterCode":"baneasa-b1557","sku":"100091930","price":5.79,"originalPrice":null,"currencyCode":"RON","currency":"Lei","image":{"thumbnail":{"default":"https://cdn.freshful.ro/media/cache/sylius_shop_product_thumbnail/a2/69/921f1770ec07aa6f75b523fbb5cc.jpg"},"large":{"default":"https://cdn.freshful.ro/media/cache/freshful_large/a2/69/921f1770ec07aa6f75b523fbb5cc.jpg"},"extralarge":{"default":"https://cdn.freshful.ro/media/cache/sylius_shop_product_original/a2/69/921f1770ec07aa6f75b523fbb5cc.jpg"}},"label":null,"tags":[],"isAvailable":true,"maxAvailableQuantity":2,"maxAllowedQuantity":2,"breadcrumbs":[{"code":"8","name":"Băcănie","slug":"8-ceva-sarat"},{"code":"806","name":"Făină, zahăr și produse gourmet","slug":"faina-zahar-si-produse-gourmet"},{"code":"80601","name":"Făină, mălai și griș","slug":"faina-malai-si-gris"},{"code":"100091930","name":"Făină de grâu albă superioară 000 1kg","slug":"100091930-baneasa-faina-de-grau-alba-superioara-000-1kg"}],"activePromotion":null,"saveMe":null,"labels":[],"geniusPrice":null,"geniusUnitPricePerLabel":null,"banner":null,"discountLabel":null,"geniusDiscountLabel":null,"badge":null},{"code":"100101100","variantCode":"100101100","name":"Zahăr alb 1kg","slug":"100101100-diamant-zahar-alb-1kg","unitPriceLabel":"5,99 Lei/kg","brand":"Diamant","brandCode":"1250","brandFilterCode":"diamant-b1251","sku":"100101100","price":5.99,"originalPrice":null,"currencyCode":"RON","currency":"Lei","image":{"thumbnail":{"default":"https://cdn.freshful.ro/media/cache/sylius_shop_product_thumbnail/57/1a/7676458a0a59e01bc30274e51a72.jpg"},"large":{"default":"https://cdn.freshful.ro/media/cache/freshful_large/57/1a/7676458a0a59e01bc30274e51a72.jpg"},"extralarge":{"default":"https://cdn.freshful.ro/media/cache/sylius_shop_product_original/57/1a/7676458a0a59e01bc30274e51a72.jpg"}},"label":null,"tags":[],"isAvailable":true,"maxAvailableQuantity":6,"maxAllowedQuantity":6,"breadcrumbs":[{"code":"8","name":"Băcănie","slug":"8-ceva-sarat"},{"code":"806","name":"Făină, zahăr și produse gourmet","slug":"faina-zahar-si-produse-gourmet"},{"code":"80602","name":"Zahăr","slug":"zahar"},{"code":"100101100","name":"Zahăr alb 1kg","slug":"100101100-diamant-zahar-alb-1kg"}],"activePromotion":null,"saveMe":null,"labels":[],"geniusPrice":null,"geniusUnitPricePerLabel":null,"banner":null,"discountLabel":null,"geniusDiscountLabel":null,"badge":null},{"code":"100001511","variantCode":"5941132015850","name":"Praf de copt 3x10g","slug":"100001511-dr-oetker-praf-de-copt-3x10g","unitPriceLabel":"47 Lei/kg","brand":"Dr. Oetker","brandCode":"55","brandFilterCode":"dr-oetker-b51","sku":"100001511","price":1.41,"originalPrice":null,"currencyCode":"RON","currency":"Lei","image":{"thumbnail":{"default":"https://cdn.freshful.ro/media/cache/sylius_shop_product_thumbnail/1a/96/5240eb239fbcfd09f4d90a8d480b.jpg"},"large":{"default":"https://cdn.freshful.ro/media/cache/freshful_large/1a/96/5240eb239fbcfd09f4d90a8d480b.jpg"},"extralarge":{"default":"https://cdn.freshful.ro/media/cache/sylius_shop_product_original/1a/96/5240eb239fbcfd09f4d90a8d480b.jpg"}},"label":null,"tags":[],"isAvailable":true,"maxAvailableQuantity":100,"maxAllowedQuantity":100,"breadcrumbs":[{"code":"8","name":"Băcănie","slug":"8-ceva-sarat"},{"code":"806","name":"Făină, zahăr și produse gourmet","slug":"faina-zahar-si-produse-gourmet"},{"code":"80606","name":"Praf de copt, drojdie, bicarbonat și decorațiuni","slug":"praf-de-copt-drojdie-bicarbonat-si-decoratiuni"},{"code":"100001511","name":"Praf de copt 3x10g","slug":"100001511-dr-oetker-praf-de-copt-3x10g"}],"activePromotion":null,"saveMe":null,"labels":[],"geniusPrice":null,"geniusUnitPricePerLabel":null,"banner":null,"discountLabel":null,"geniusDiscountLabel":null,"badge":null},{"code":"100001533","variantCode":"5941132017267","name":"Drojdie uscată 3x7g ","slug":"100001533-dr-oetker-drojdie-uscata-3x7g","unitPriceLabel":"193,81 Lei/kg","brand":"Dr. Oetker","brandCode":"55","brandFilterCode":"dr-oetker-b51","sku":"100001533","price":4.07,"originalPrice":null,"currencyCode":"RON","currency":"Lei","image":{"thumbnail":{"default":"https://cdn.freshful.ro/media/cache/sylius_shop_product_thumbnail/00/2e/eb21703bae2d9e8f72f1083f87f9.jpg"},"large":{"default":"https://cdn.freshful.ro/media/cache/freshful_large/00/2e/eb21703bae2d9e8f72f1083f87f9.jpg"},"extralarge":{"default":"https://cdn.freshful.ro/media/cache/sylius_shop_product_original/00/2e/eb21703bae2d9e8f72f1083f87f9.jpg"}},"label":null,"tags":[],"isAvailable":true,"maxAvailableQuantity":100,"maxAllowedQuantity":100,"breadcrumbs":[{"code":"8","name":"Băcănie","slug":"8-ceva-sarat"},{"code":"806","name":"Făină, zahăr și produse gourmet","slug":"faina-zahar-si-produse-gourmet"},{"code":"80606","name":"Praf de copt, drojdie, bicarbonat și decorațiuni","slug":"praf-de-copt-drojdie-bicarbonat-si-decoratiuni"},{"code":"100001533","name":"Drojdie uscată 3x7g ","slug":"100001533-dr-oetker-drojdie-uscata-3x7g"}],"activePromotion":null,"saveMe":null,"labels":[],"geniusPrice":null,"geniusUnitPricePerLabel":null,"banner":null,"discountLabel":null,"geniusDiscountLabel":null,"badge":null},{"code":"100102877","variantCode":"100102877","name":"Mălai pentru mămăligă 500g","slug":"100102877-panzani-malai-pentru-mamaliga-500g","unitPriceLabel":"15,78 Lei/kg","brand":"Panzani","brandCode":"1684","brandFilterCode":"panzani-b1688","sku":"100102877","price":7.89,"originalPrice":null,"currencyCode":"RON","currency":"Lei","image":{"thumbnail":{"default":"https://cdn.freshful.ro/media/cache/sylius_shop_product_thumbnail/26/e1/a883df110c40a78b7e0c91d8ac41.jpg"},"large":{"default":"https://cdn.freshful.ro/media/cache/freshful_large/26/e1/a883df110c40a78b7e0c91d8ac41.jpg"},"extralarge":{"default":"https://cdn.freshful.ro/media/cache/sylius_shop_product_original/26/e1/a883df110c40a78b7e0c91d8ac41.jpg"}},"label":null,"tags":[],"isAvailable":true,"maxAvailableQuantity":100,"maxAllowedQuantity":100,"breadcrumbs":[{"code":"8","name":"Băcănie","slug":"8-ceva-sarat"},{"code":"806","name":"Făină, zahăr și produse gourmet","slug":"faina-zahar-si-produse-gourmet"},{"code":"80601","name":"Făină, mălai și griș","slug":"faina-malai-si-gris"},{"code":"100102877","name":"Mălai pentru mămăligă 500g","slug":"100102877-panzani-malai-pentru-mamaliga-500g"}],"activePromotion":null,"saveMe":null,"labels":[],"geniusPrice":null,"geniusUnitPricePerLabel":null,"banner":null,"discountLabel":null,"geniusDiscountLabel":null,"badge":null},{"code":"100139085","variantCode":"100139085","name":"Zahăr brun din trestie de zahăr 500g","slug":"100139085-sanovita-zahar-brun-din-trestie-de-zahar-500g","unitPriceLabel":"15,38 Lei/kg","brand":"Sanovita","brandCode":"482","brandFilterCode":"sanovita-b483","sku":"100139085","price":7.69,"originalPrice":null,"currencyCode":"RON","currency":"Lei","image":{"thumbnail":{"default":"https://cdn.freshful.ro/media/cache/sylius_shop_product_thumbnail/9c/54/7db3d88b0d91e00a6bc66effef41.jpg"},"large":{"default":"https://cdn.freshful.ro/media/cache/freshful_large/9c/54/7db3d88b0d91e00a6bc66effef41.jpg"},"extralarge":{"default":"https://cdn.freshful.ro/media/cache/sylius_shop_product_original/9c/54/7db3d88b0d91e00a6bc66effef41.jpg"}},"label":null,"tags":[],"isAvailable":true,"maxAvailableQuantity":100,"maxAllowedQuantity":100,"breadcrumbs":[{"code":"8","name":"Băcănie","slug":"8-ceva-sarat"},{"code":"806","name":"Făină, zahăr și produse gourmet","slug":"faina-zahar-si-produse-gourmet"},{"code":"80602","name":"Zahăr","slug":"zahar"},{"code":"100139085","name":"Zahăr brun din trestie de zahăr 500g","slug":"100139085-sanovita-zahar-brun-din-trestie-de-zahar-500g"}],"activePromotion":null,"saveMe":null,"labels":[],"geniusPrice":null,"geniusUnitPricePerLabel":null,"banner":null,"discountLabel":null,"geniusDiscountLabel":null,"badge":null},{"code":"100001422","variantCode":"5941132002676","name":"Zahăr vanilinat 4x8g","slug":"100001422-dr-oetker-zahar-vanilinat-4x8g","unitPriceLabel":"60,94 Lei/kg","brand":"Dr. Oetker","brandCode":"55","brandFilterCode":"dr-oetker-b51","sku":"100001422","price":1.95,"originalPrice":null,"currencyCode":"RON","currency":"Lei","image":{"thumbnail":{"default":"https://cdn.freshful.ro/media/cache/sylius_shop_product_thumbnail/ec/ee/303d64acbcd9e0803cb137a92401.jpg"},"large":{"default":"https://cdn.freshful.ro/media/cache/freshful_large/ec/ee/303d64acbcd9e0803cb137a92401.jpg"},"extralarge":{"default":"https://cdn.freshful.ro/media/cache/sylius_shop_product_original/ec/ee/303d64acbcd9e0803cb137a92401.jpg"}},"label":null,"tags":[],"isAvailable":true,"maxAvailableQuantity":100,"maxAllowedQuantity":100,"breadcrumbs":[{"code":"8","name":"Băcănie","slug":"8-ceva-sarat"},{"code":"806","name":"Făină, zahăr și produse gourmet","slug":"faina-zahar-si-produse-gourmet"},{"code":"80605","name":"Zahăr vanilat și esențe","slug":"zahar-vanilat-si-esente"},{"code":"100001422","name":"Zahăr vanilinat 4x8g","slug":"100001422-dr-oetker-zahar-vanilinat-4x8g"}],"activePromotion":null,"saveMe":null,"labels":[],"geniusPrice":null,"geniusUnitPricePerLabel":null,"banner":null,"discountLabel":null,"geniusDiscountLabel":null,"badge":null},{"code":"100143048","variantCode":"100143048","name":"Griș de grâu 500g","slug":"100143048-no-brand-gris-de-grau-500g","unitPriceLabel":"4,58 Lei/kg","brand":"Delizia","brandCode":"2758","brandFilterCode":"delizia-b2832","sku":"100143048","price":2.29,"originalPrice":null,"currencyCode":"RON","currency":"Lei","image":{"thumbnail":{"default":"https://cdn.freshful.ro/media/cache/sylius_shop_product_thumbnail/76/05/6806bcc094433ef8ff1efc62a80f.jpg"},"large":{"default":"https://cdn.freshful.ro/media/cache/freshful_large/76/05/6806bcc094433ef8ff1efc62a80f.jpg"},"extralarge":{"default":"https://cdn.freshful.ro/media/cache/sylius_shop_product_original/76/05/6806bcc094433ef8ff1efc62a80f.jpg"}},"label":{"text":"Primul preț","backgroundColor":"#3A0808","textColor":"#FFFFFF"},"tags":[],"isAvailable":true,"maxAvailableQuantity":100,"maxAllowedQuantity":100,"breadcrumbs":[{"code":"8","name":"Băcănie","slug":"8-ceva-sarat"},{"code":"806","name":"Făină, zahăr și produse gourmet","slug":"faina-zahar-si-produse-gourmet"},{"code":"80601","name":"Făină, mălai și griș","slug":"faina-malai-si-gris"},{"code":"100143048","name":"Griș de grâu 500g","slug":"100143048-no-brand-gris-de-grau-500g"}],"activePromotion":null,"saveMe":null,"labels":[{"type":"v4","items":[{"text":"Primul","backgroundColor":"#3A0808","textColor":"#FFFFFF"},{"text":"preț","backgroundColor":"#BC0606","textColor":"#FFFFFF"}]}],"geniusPrice":null,"geniusUnitPricePerLabel":null,"banner":null,"discountLabel":null,"geniusDiscountLabel":null,"badge":null}]}],"page":0,"limit":0,"pages":0,"count":0,"siblings":[],"children":[],"products":[],"filters":null,"orderBy":[],"metaTitle":"Băcănie - Gamă variată","metaDescription":"Vrei Băcănie? Alege dintr-o gamă variată. Comanzi simplu și ai livrare rapidă, calitate și prospețime. Hai pe Freshful.ro","metaKeywords":null,"banners":[]}}