{"type":"category","payload":{"analyticsListId":"category_9-ceva-dulce","analyticsListName":"Category - Dulciuri & mic dejun","name":"Dulciuri & mic dejun","slug":"9-ceva-dulce","image":null,"breadcrumbs":[{"code":"9","name":"Dulciuri & mic dejun","slug":"9-ceva-dulce"}],"slots":[{"analyticsListId":"category-slot_901-faina-zahar-si-produse-gourmet","analyticsListName":"Category Slot - Făină, zahăr și produse gourmet","type":"products_carousel","title":"Făină, zahăr și produse gourmet","link":{"title":"Mai multe","count":0,"url":"/c/9-ceva-dulce/901-faina-zahar-si-produse-gourmet"},"products":[]},{"analyticsListId":"category-slot_902-biscuiti-napolitane-si-prajituri","analyticsListName":"Category Slot - Biscuiți, napolitane și prăjituri","type":"products_carousel","title":"Biscuiți, napolitane și prăjituri","link":{"title":"Mai multe","count":336,"url":"/c/9-ceva-dulce/902-biscuiti-napolitane-si-prajituri"},"products":[{"code":"100143809","variantCode":"100143809","name":"Napolitană acoperită cu ciocolată cu lapte si cremă de alune 50g","slug":"100143809-dare-napolitana-acoperita-cu-ciocolata-cu-lapte-si-crema-de-alune-50g","unitPriceLabel":"49,8 Lei/kg","brand":"Dare","brandCode":"162","brandFilterCode":"dare-b163","sku":"100143809","price":2.49,"originalPrice":null,"currencyCode":"RON","currency":"Lei","image":{"thumbnail":{"default":"https://cdn.freshful.ro/media/cache/sylius_shop_product_thumbnail/b6/3a/b05def2c1e6681c9ec64645810cc.jpg"},"large":{"default":"https://cdn.freshful.ro/media/cache/freshful_large/b6/3a/b05def2c1e6681c9ec64645810cc.jpg"},"extralarge":{"default":"https://cdn.freshful.ro/media/cache/sylius_shop_product_original/b6/3a/b05def2c1e6681c9ec64645810cc.jpg"}},"label":null,"tags":[],"isAvailable":true,"maxAvailableQuantity":100,"maxAllowedQuantity":100,"breadcrumbs":[{"code":"9","name":"Dulciuri & mic dejun","slug":"9-ceva-dulce"},{"code":"902","name":"Biscuiți, napolitane și prăjituri","slug":"902-biscuiti-napolitane-si-prajituri"},{"code":"90203","name":"Napolitane și turtă dulce","slug":"90203-napolitane-si-turta-dulce"},{"code":"100143809","name":"Napolitană acoperită cu ciocolată cu lapte si cremă de alune 50g","slug":"100143809-dare-napolitana-acoperita-cu-ciocolata-cu-lapte-si-crema-de-alune-50g"}],"activePromotion":null,"saveMe":null,"labels":[],"geniusPrice":null,"geniusUnitPricePerLabel":null,"banner":null,"discountLabel":null,"geniusDiscountLabel":null,"badge":null},{"code":"100122919","variantCode":"100122919","name":"Specialitate cu umplutură de lapte și de cacao Cards 128g","slug":"100122919-kinder-specialitate-cu-umplutura-de-lapte-si-de-cacao-cards-128g","unitPriceLabel":"9,49 Lei/buc","brand":"Kinder","brandCode":"19","brandFilterCode":"kinder-b11","sku":"100122919","price":9.49,"originalPrice":null,"currencyCode":"RON","currency":"Lei","image":{"thumbnail":{"default":"https://cdn.freshful.ro/media/cache/sylius_shop_product_thumbnail/c7/7c/3eb434c14dc66df25986fdb340e4.jpg"},"large":{"default":"https://cdn.freshful.ro/media/cache/freshful_large/c7/7c/3eb434c14dc66df25986fdb340e4.jpg"},"extralarge":{"default":"https://cdn.freshful.ro/media/cache/sylius_shop_product_original/c7/7c/3eb434c14dc66df25986fdb340e4.jpg"}},"label":null,"tags":[],"isAvailable":true,"maxAvailableQuantity":100,"maxAllowedQuantity":100,"breadcrumbs":[{"code":"9","name":"Dulciuri & mic dejun","slug":"9-ceva-dulce"},{"code":"902","name":"Biscuiți, napolitane și prăjituri","slug":"902-biscuiti-napolitane-si-prajituri"},{"code":"90202","name":"Biscuiți cu cremă","slug":"90202-biscuiti-cu-crema"},{"code":"100122919","name":"Specialitate cu umplutură de lapte și de cacao Cards 128g","slug":"100122919-kinder-specialitate-cu-umplutura-de-lapte-si-de-cacao-cards-128g"}],"activePromotion":null,"saveMe":null,"labels":[],"geniusPrice":null,"geniusUnitPricePerLabel":null,"banner":null,"discountLabel":null,"geniusDiscountLabel":null,"badge":null},{"code":"100065659","variantCode":"100065659","name":"Biscuiți cu bezea glazurați cu ciocolată cu lapte 30g","slug":"100065659-halley-biscuiti-cu-bezea-glazurati-cu-ciocolata-cu-lapte-30g","unitPriceLabel":"55 Lei/kg","brand":"Halley","brandCode":"1007","brandFilterCode":"halley-b957","sku":"100065659","price":1.65,"originalPrice":null,"currencyCode":"RON","currency":"Lei","image":{"thumbnail":{"default":"https://cdn.freshful.ro/media/cache/sylius_shop_product_thumbnail/1a/47/2967903b6c72feebd7bd1dc5f53d.jpg"},"large":{"default":"https://cdn.freshful.ro/media/cache/freshful_large/1a/47/2967903b6c72feebd7bd1dc5f53d.jpg"},"extralarge":{"default":"https://cdn.freshful.ro/media/cache/sylius_shop_product_original/1a/47/2967903b6c72feebd7bd1dc5f53d.jpg"}},"label":null,"tags":[],"isAvailable":true,"maxAvailableQuantity":100,"maxAllowedQuantity":100,"breadcrumbs":[{"code":"9","name":"Dulciuri & mic dejun","slug":"9-ceva-dulce"},{"code":"902","name":"Biscuiți, napolitane și prăjituri","slug":"902-biscuiti-napolitane-si-prajituri"},{"code":"90202","name":"Biscuiți cu cremă","slug":"90202-biscuiti-cu-crema"},{"code":"100065659","name":"Biscuiți cu bezea glazurați cu ciocolată cu lapte 30g","slug":"100065659-halley-biscuiti-cu-bezea-glazurati-cu-ciocolata-cu-lapte-30g"}],"activePromotion":null,"saveMe":null,"labels":[],"geniusPrice":null,"geniusUnitPricePerLabel":null,"banner":null,"discountLabel":null,"geniusDiscountLabel":null,"badge":null},{"code":"100064975","variantCode":"100064975","name":"Biscuiți cu multă cremă de cacao Original Familial 360g (10x36g)","slug":"100064975-eugenia-biscuiti-cu-multa-crema-de-cacao-original-familial-360g-10x36g","unitPriceLabel":"34,03 Lei/kg","brand":"Eugenia","brandCode":"231","brandFilterCode":"eugenia-b232","sku":"100064975","price":12.25,"originalPrice":null,"currencyCode":"RON","currency":"Lei","image":{"thumbnail":{"default":"https://cdn.freshful.ro/media/cache/sylius_shop_product_thumbnail/b6/dc/738ea4a1295bd9e5697c563fb62a.jpg"},"large":{"default":"https://cdn.freshful.ro/media/cache/freshful_large/b6/dc/738ea4a1295bd9e5697c563fb62a.jpg"},"extralarge":{"default":"https://cdn.freshful.ro/media/cache/sylius_shop_product_original/b6/dc/738ea4a1295bd9e5697c563fb62a.jpg"}},"label":null,"tags":[],"isAvailable":true,"maxAvailableQuantity":98,"maxAllowedQuantity":100,"breadcrumbs":[{"code":"9","name":"Dulciuri & mic dejun","slug":"9-ceva-dulce"},{"code":"902","name":"Biscuiți, napolitane și prăjituri","slug":"902-biscuiti-napolitane-si-prajituri"},{"code":"90202","name":"Biscuiți cu cremă","slug":"90202-biscuiti-cu-crema"},{"code":"100064975","name":"Biscuiți cu multă cremă de cacao Original Familial 360g (10x36g)","slug":"100064975-eugenia-biscuiti-cu-multa-crema-de-cacao-original-familial-360g-10x36g"}],"activePromotion":null,"saveMe":null,"labels":[],"geniusPrice":null,"geniusUnitPricePerLabel":null,"banner":null,"discountLabel":null,"geniusDiscountLabel":null,"badge":null},{"code":"100058670","variantCode":"100058670","name":"Napolitane crocante cu cremă de lapte și nuga 3x25g","slug":"100058670-knoppers-napolitane-crocante-cu-crema-de-lapte-si-nuga-3x25g","unitPriceLabel":"83,87 Lei/kg","brand":"Knoppers","brandCode":"876","brandFilterCode":"knoppers-b877","sku":"100058670","price":6.29,"originalPrice":null,"currencyCode":"RON","currency":"Lei","image":{"thumbnail":{"default":"https://cdn.freshful.ro/media/cache/sylius_shop_product_thumbnail/b6/df/0558cc14aaa67e2f0f9f76c4882d.jpg"},"large":{"default":"https://cdn.freshful.ro/media/cache/freshful_large/b6/df/0558cc14aaa67e2f0f9f76c4882d.jpg"},"extralarge":{"default":"https://cdn.freshful.ro/media/cache/sylius_shop_product_original/b6/df/0558cc14aaa67e2f0f9f76c4882d.jpg"}},"label":null,"tags":[],"isAvailable":true,"maxAvailableQuantity":100,"maxAllowedQuantity":100,"breadcrumbs":[{"code":"9","name":"Dulciuri & mic dejun","slug":"9-ceva-dulce"},{"code":"902","name":"Biscuiți, napolitane și prăjituri","slug":"902-biscuiti-napolitane-si-prajituri"},{"code":"90203","name":"Napolitane și turtă dulce","slug":"90203-napolitane-si-turta-dulce"},{"code":"100058670","name":"Napolitane crocante cu cremă de lapte și nuga 3x25g","slug":"100058670-knoppers-napolitane-crocante-cu-crema-de-lapte-si-nuga-3x25g"}],"activePromotion":null,"saveMe":null,"labels":[],"geniusPrice":null,"geniusUnitPricePerLabel":null,"banner":null,"discountLabel":null,"geniusDiscountLabel":null,"badge":null},{"code":"100038460","variantCode":"8690526065700","name":"Napolitană cu ciocolată neagră 50g","slug":"100038460-dare-napolitana-cu-ciocolata-neagra-50g","unitPriceLabel":"41 Lei/kg","brand":"Dare","brandCode":"162","brandFilterCode":"dare-b163","sku":"100038460","price":2.05,"originalPrice":null,"currencyCode":"RON","currency":"Lei","image":{"thumbnail":{"default":"https://cdn.freshful.ro/media/cache/sylius_shop_product_thumbnail/88/c8/7f4ac8050fc30bca104b7c63d624.jpg"},"large":{"default":"https://cdn.freshful.ro/media/cache/freshful_large/88/c8/7f4ac8050fc30bca104b7c63d624.jpg"},"extralarge":{"default":"https://cdn.freshful.ro/media/cache/sylius_shop_product_original/88/c8/7f4ac8050fc30bca104b7c63d624.jpg"}},"label":null,"tags":[],"isAvailable":true,"maxAvailableQuantity":100,"maxAllowedQuantity":100,"breadcrumbs":[{"code":"9","name":"Dulciuri & mic dejun","slug":"9-ceva-dulce"},{"code":"902","name":"Biscuiți, napolitane și prăjituri","slug":"902-biscuiti-napolitane-si-prajituri"},{"code":"90203","name":"Napolitane și turtă dulce","slug":"90203-napolitane-si-turta-dulce"},{"code":"100038460","name":"Napolitană cu ciocolată neagră 50g","slug":"100038460-dare-napolitana-cu-ciocolata-neagra-50g"}],"activePromotion":null,"saveMe":null,"labels":[],"geniusPrice":null,"geniusUnitPricePerLabel":null,"banner":null,"discountLabel":null,"geniusDiscountLabel":null,"badge":null},{"code":"100140819","variantCode":"100140819","name":"Biscuiți Petit Beurre lapte 450g","slug":"100140819-petit-beurre-biscuiti-petit-beurre-lapte-450g","unitPriceLabel":"26,64 Lei/kg","brand":"Petit Beurre","brandCode":"1008","brandFilterCode":"petit-beurre-b958","sku":"100140819","price":11.99,"originalPrice":null,"currencyCode":"RON","currency":"Lei","image":{"thumbnail":{"default":"https://cdn.freshful.ro/media/cache/sylius_shop_product_thumbnail/fe/65/9200142ae40a4933004dbf7ce030.jpg"},"large":{"default":"https://cdn.freshful.ro/media/cache/freshful_large/fe/65/9200142ae40a4933004dbf7ce030.jpg"},"extralarge":{"default":"https://cdn.freshful.ro/media/cache/sylius_shop_product_original/fe/65/9200142ae40a4933004dbf7ce030.jpg"}},"label":null,"tags":[],"isAvailable":true,"maxAvailableQuantity":100,"maxAllowedQuantity":100,"breadcrumbs":[{"code":"9","name":"Dulciuri & mic dejun","slug":"9-ceva-dulce"},{"code":"902","name":"Biscuiți, napolitane și prăjituri","slug":"902-biscuiti-napolitane-si-prajituri"},{"code":"90201","name":"Biscuiți simpli","slug":"90201-biscuiti-simpli"},{"code":"100140819","name":"Biscuiți Petit Beurre lapte 450g","slug":"100140819-petit-beurre-biscuiti-petit-beurre-lapte-450g"}],"activePromotion":null,"saveMe":null,"labels":[],"geniusPrice":null,"geniusUnitPricePerLabel":null,"banner":null,"discountLabel":null,"geniusDiscountLabel":null,"badge":null},{"code":"100058689","variantCode":"100058689","name":"Biscuiți cu unt 200g","slug":"100058689-leibniz-biscuiti-cu-unt-200g","unitPriceLabel":"46,45 Lei/kg","brand":"Leibniz","brandCode":"878","brandFilterCode":"leibniz-b879","sku":"100058689","price":9.29,"originalPrice":null,"currencyCode":"RON","currency":"Lei","image":{"thumbnail":{"default":"https://cdn.freshful.ro/media/cache/sylius_shop_product_thumbnail/cf/2c/b98d47442684dec7bc9186c2fb68.jpg"},"large":{"default":"https://cdn.freshful.ro/media/cache/freshful_large/cf/2c/b98d47442684dec7bc9186c2fb68.jpg"},"extralarge":{"default":"https://cdn.freshful.ro/media/cache/sylius_shop_product_original/cf/2c/b98d47442684dec7bc9186c2fb68.jpg"}},"label":null,"tags":[],"isAvailable":true,"maxAvailableQuantity":100,"maxAllowedQuantity":100,"breadcrumbs":[{"code":"9","name":"Dulciuri & mic dejun","slug":"9-ceva-dulce"},{"code":"902","name":"Biscuiți, napolitane și prăjituri","slug":"902-biscuiti-napolitane-si-prajituri"},{"code":"90201","name":"Biscuiți simpli","slug":"90201-biscuiti-simpli"},{"code":"100058689","name":"Biscuiți cu unt 200g","slug":"100058689-leibniz-biscuiti-cu-unt-200g"}],"activePromotion":null,"saveMe":null,"labels":[],"geniusPrice":null,"geniusUnitPricePerLabel":null,"banner":null,"discountLabel":null,"geniusDiscountLabel":null,"badge":null},{"code":"100058697","variantCode":"100058697","name":"Biscuiți cu cremă de ciocolată Keks'n Cream 190g","slug":"100058697-leibniz-biscuiti-cu-crema-de-ciocolata-keks-n-cream-190g","unitPriceLabel":"68,37 Lei/kg","brand":"Leibniz","brandCode":"878","brandFilterCode":"leibniz-b879","sku":"100058697","price":12.99,"originalPrice":null,"currencyCode":"RON","currency":"Lei","image":{"thumbnail":{"default":"https://cdn.freshful.ro/media/cache/sylius_shop_product_thumbnail/9f/a7/9a6024d17dc04e16a06931ea3f25.jpg"},"large":{"default":"https://cdn.freshful.ro/media/cache/freshful_large/9f/a7/9a6024d17dc04e16a06931ea3f25.jpg"},"extralarge":{"default":"https://cdn.freshful.ro/media/cache/sylius_shop_product_original/9f/a7/9a6024d17dc04e16a06931ea3f25.jpg"}},"label":null,"tags":[],"isAvailable":true,"maxAvailableQuantity":100,"maxAllowedQuantity":100,"breadcrumbs":[{"code":"9","name":"Dulciuri & mic dejun","slug":"9-ceva-dulce"},{"code":"902","name":"Biscuiți, napolitane și prăjituri","slug":"902-biscuiti-napolitane-si-prajituri"},{"code":"90201","name":"Biscuiți simpli","slug":"90201-biscuiti-simpli"},{"code":"100058697","name":"Biscuiți cu cremă de ciocolată Keks'n Cream 190g","slug":"100058697-leibniz-biscuiti-cu-crema-de-ciocolata-keks-n-cream-190g"}],"activePromotion":null,"saveMe":null,"labels":[],"geniusPrice":null,"geniusUnitPricePerLabel":null,"banner":null,"discountLabel":null,"geniusDiscountLabel":null,"badge":null},{"code":"100097410","variantCode":"100097410","name":"Biscuiți digestivi 400g","slug":"100097410-gullon-biscuiti-digestivi-400g","unitPriceLabel":"24,48 Lei/kg","brand":"Gullon","brandCode":"1531","brandFilterCode":"gullon-b1535","sku":"100097410","price":9.79,"originalPrice":null,"currencyCode":"RON","currency":"Lei","image":{"thumbnail":{"default":"https://cdn.freshful.ro/media/cache/sylius_shop_product_thumbnail/16/2c/ab6dcd08aea896c91cd18834b364.jpg"},"large":{"default":"https://cdn.freshful.ro/media/cache/freshful_large/16/2c/ab6dcd08aea896c91cd18834b364.jpg"},"extralarge":{"default":"https://cdn.freshful.ro/media/cache/sylius_shop_product_original/16/2c/ab6dcd08aea896c91cd18834b364.jpg"}},"label":null,"tags":[{"type":"Vegetarian","text":"Vegetarian","icon":"https://cdn.freshful.ro/assets/product_tags/vegetarian.svg","iconPng":"https://cdn.freshful.ro/assets/product_tags/vegetarian.png","backgroundColor":"#FAEAEE","textColor":"#B26275"}],"isAvailable":true,"maxAvailableQuantity":100,"maxAllowedQuantity":100,"breadcrumbs":[{"code":"9","name":"Dulciuri & mic dejun","slug":"9-ceva-dulce"},{"code":"902","name":"Biscuiți, napolitane și prăjituri","slug":"902-biscuiti-napolitane-si-prajituri"},{"code":"90201","name":"Biscuiți simpli","slug":"90201-biscuiti-simpli"},{"code":"100097410","name":"Biscuiți digestivi 400g","slug":"100097410-gullon-biscuiti-digestivi-400g"}],"activePromotion":null,"saveMe":null,"labels":[],"geniusPrice":null,"geniusUnitPricePerLabel":null,"banner":null,"discountLabel":null,"geniusDiscountLabel":null,"badge":null}]},{"analyticsListId":"category-slot_903-cereale-si-mic-dejun","analyticsListName":"Category Slot - Cereale și mic dejun","type":"products_carousel","title":"Cereale și mic dejun","link":{"title":"Mai multe","count":454,"url":"/c/9-ceva-dulce/903-cereale-si-mic-dejun"},"products":[{"code":"100065320","variantCode":"5941028002803","name":"Gem de căpșuni 370g","slug":"100065320-raureni-gem-de-capsuni-370g","unitPriceLabel":"24,3 Lei/kg","brand":"Râureni","brandCode":"772","brandFilterCode":"raureni-b773","sku":"100065320","price":8.99,"originalPrice":12.9,"currencyCode":"RON","currency":"Lei","image":{"thumbnail":{"default":"https://cdn.freshful.ro/media/cache/sylius_shop_product_thumbnail/5b/7b/3fe3f49a7908ed4080f0ee6f7681.jpg"},"large":{"default":"https://cdn.freshful.ro/media/cache/freshful_large/5b/7b/3fe3f49a7908ed4080f0ee6f7681.jpg"},"extralarge":{"default":"https://cdn.freshful.ro/media/cache/sylius_shop_product_original/5b/7b/3fe3f49a7908ed4080f0ee6f7681.jpg"}},"label":{"text":"-30%","backgroundColor":"#FF9903","textColor":"#FFFFFF"},"tags":[{"type":"MadeInRomania","text":"Made In Romania","icon":"https://cdn.freshful.ro/assets/product_tags/made_in_romania.svg","iconPng":"https://cdn.freshful.ro/assets/product_tags/made_in_romania.png","backgroundColor":"#EDF2FD","textColor":"#1653CA"}],"isAvailable":true,"maxAvailableQuantity":100,"maxAllowedQuantity":100,"breadcrumbs":[{"code":"9","name":"Dulciuri & mic dejun","slug":"9-ceva-dulce"},{"code":"903","name":"Cereale și mic dejun","slug":"903-cereale-si-mic-dejun"},{"code":"90308","name":"Gem și dulceață","slug":"90308-gem-si-dulceata"},{"code":"100065320","name":"Gem de căpșuni 370g","slug":"100065320-raureni-gem-de-capsuni-370g"}],"activePromotion":{"code":"oferte-bacanie-bauturi-21feb-8mar23","name":"Preț redus","targetQuantity":null},"saveMe":null,"labels":[{"type":"v1","items":[{"text":"-30%","backgroundColor":"#FF9903","textColor":"#FFFFFF"}]}],"geniusPrice":null,"geniusUnitPricePerLabel":null,"banner":{"text":"Super preț","textColor":"#FF0000","bgColor":"#FFF2EC","icon":null,"link":"https://www.freshful.ro/oferte/oferte-bacanie-bauturi-21feb-8mar23","type":"promo","analyticsEventType":"select_promotion","analyticsEventPayload":{"promotion_id":"oferte-bacanie-bauturi-21feb-8mar23","promotion_name":"Cămara cu băuturi și bunătăți"}},"discountLabel":"Economisești 30%","geniusDiscountLabel":null,"badge":null},{"code":"100065319","variantCode":"5941028002919","name":"Gem de caise 370g","slug":"100065319-raureni-gem-de-caise-370g","unitPriceLabel":"21,59 Lei/kg","brand":"Râureni","brandCode":"772","brandFilterCode":"raureni-b773","sku":"100065319","price":7.99,"originalPrice":9.95,"currencyCode":"RON","currency":"Lei","image":{"thumbnail":{"default":"https://cdn.freshful.ro/media/cache/sylius_shop_product_thumbnail/bd/58/b7f8dc60e558b62ed3c9ca941614.jpg"},"large":{"default":"https://cdn.freshful.ro/media/cache/freshful_large/bd/58/b7f8dc60e558b62ed3c9ca941614.jpg"},"extralarge":{"default":"https://cdn.freshful.ro/media/cache/sylius_shop_product_original/bd/58/b7f8dc60e558b62ed3c9ca941614.jpg"}},"label":{"text":"-19%","backgroundColor":"#FF9903","textColor":"#FFFFFF"},"tags":[{"type":"MadeInRomania","text":"Made In Romania","icon":"https://cdn.freshful.ro/assets/product_tags/made_in_romania.svg","iconPng":"https://cdn.freshful.ro/assets/product_tags/made_in_romania.png","backgroundColor":"#EDF2FD","textColor":"#1653CA"}],"isAvailable":true,"maxAvailableQuantity":100,"maxAllowedQuantity":100,"breadcrumbs":[{"code":"9","name":"Dulciuri & mic dejun","slug":"9-ceva-dulce"},{"code":"903","name":"Cereale și mic dejun","slug":"903-cereale-si-mic-dejun"},{"code":"90308","name":"Gem și dulceață","slug":"90308-gem-si-dulceata"},{"code":"100065319","name":"Gem de caise 370g","slug":"100065319-raureni-gem-de-caise-370g"}],"activePromotion":{"code":"oferte-bacanie-bauturi-21feb-8mar23","name":"Preț redus","targetQuantity":null},"saveMe":null,"labels":[{"type":"v1","items":[{"text":"-19%","backgroundColor":"#FF9903","textColor":"#FFFFFF"}]}],"geniusPrice":null,"geniusUnitPricePerLabel":null,"banner":{"text":"Super preț","textColor":"#FF0000","bgColor":"#FFF2EC","icon":null,"link":"https://www.freshful.ro/oferte/oferte-bacanie-bauturi-21feb-8mar23","type":"promo","analyticsEventType":"select_promotion","analyticsEventPayload":{"promotion_id":"oferte-bacanie-bauturi-21feb-8mar23","promotion_name":"Cămara cu băuturi și bunătăți"}},"discountLabel":"Economisești 19%","geniusDiscountLabel":null,"badge":null},{"code":"100143512","variantCode":"100143512","name":"Cremă de arahide Crunchy 350g","slug":"100143512-calve-crema-de-arahide-crunchy-350g","unitPriceLabel":"51,4 Lei/kg","brand":"Calve","brandCode":"2778","brandFilterCode":"calve-b2852","sku":"100143512","price":17.99,"originalPrice":21.99,"currencyCode":"RON","currency":"Lei","image":{"thumbnail":{"default":"https://cdn.freshful.ro/media/cache/sylius_shop_product_thumbnail/c8/9e/e570630ae893d5947e486c9deac5.jpg"},"large":{"default":"https://cdn.freshful.ro/media/cache/freshful_large/c8/9e/e570630ae893d5947e486c9deac5.jpg"},"extralarge":{"default":"https://cdn.freshful.ro/media/cache/sylius_shop_product_original/c8/9e/e570630ae893d5947e486c9deac5.jpg"}},"label":{"text":"-18%","backgroundColor":"#FF9903","textColor":"#FFFFFF"},"tags":[{"type":"Vegetarian","text":"Vegetarian","icon":"https://cdn.freshful.ro/assets/product_tags/vegetarian.svg","iconPng":"https://cdn.freshful.ro/assets/product_tags/vegetarian.png","backgroundColor":"#FAEAEE","textColor":"#B26275"}],"isAvailable":true,"maxAvailableQuantity":42,"maxAllowedQuantity":100,"breadcrumbs":[{"code":"9","name":"Dulciuri & mic dejun","slug":"9-ceva-dulce"},{"code":"903","name":"Cereale și mic dejun","slug":"903-cereale-si-mic-dejun"},{"code":"90306","name":"Cremă tartinabilă","slug":"90306-crema-tartinabila"},{"code":"100143512","name":"Cremă de arahide Crunchy 350g","slug":"100143512-calve-crema-de-arahide-crunchy-350g"}],"activePromotion":{"code":"oferte-bacanie-bauturi-21feb-8mar23","name":"Preț redus","targetQuantity":null},"saveMe":null,"labels":[{"type":"v1","items":[{"text":"-18%","backgroundColor":"#FF9903","textColor":"#FFFFFF"}]}],"geniusPrice":null,"geniusUnitPricePerLabel":null,"banner":{"text":"Super preț","textColor":"#FF0000","bgColor":"#FFF2EC","icon":null,"link":"https://www.freshful.ro/oferte/oferte-bacanie-bauturi-21feb-8mar23","type":"promo","analyticsEventType":"select_promotion","analyticsEventPayload":{"promotion_id":"oferte-bacanie-bauturi-21feb-8mar23","promotion_name":"Cămara cu băuturi și bunătăți"}},"discountLabel":"Economisești 18%","geniusDiscountLabel":null,"badge":null},{"code":"100130331","variantCode":"100130331","name":"Miere de salcâm crudă 800g","slug":"100130331-colonia-miere-de-salcam-cruda-800g","unitPriceLabel":"62,49 Lei/kg","brand":"Colonia","brandCode":"2450","brandFilterCode":"colonia-b2454","sku":"100130331","price":49.99,"originalPrice":55.99,"currencyCode":"RON","currency":"Lei","image":{"thumbnail":{"default":"https://cdn.freshful.ro/media/cache/sylius_shop_product_thumbnail/6c/a6/0c629e4b55a4b8511a491c9b70ca.jpg"},"large":{"default":"https://cdn.freshful.ro/media/cache/freshful_large/6c/a6/0c629e4b55a4b8511a491c9b70ca.jpg"},"extralarge":{"default":"https://cdn.freshful.ro/media/cache/sylius_shop_product_original/6c/a6/0c629e4b55a4b8511a491c9b70ca.jpg"}},"label":{"text":"-10%","backgroundColor":"#FF9903","textColor":"#FFFFFF"},"tags":[{"type":"Natural","text":"Natural","icon":"https://cdn.freshful.ro/assets/product_tags/natural.svg","iconPng":"https://cdn.freshful.ro/assets/product_tags/natural.png","backgroundColor":"#E9FCF2","textColor":"#18AF62"}],"isAvailable":true,"maxAvailableQuantity":61,"maxAllowedQuantity":100,"breadcrumbs":[{"code":"9","name":"Dulciuri & mic dejun","slug":"9-ceva-dulce"},{"code":"903","name":"Cereale și mic dejun","slug":"903-cereale-si-mic-dejun"},{"code":"90307","name":"Miere","slug":"90307-miere"},{"code":"100130331","name":"Miere de salcâm crudă 800g","slug":"100130331-colonia-miere-de-salcam-cruda-800g"}],"activePromotion":{"code":"oferte-bacanie-bauturi-21feb-8mar23","name":"Preț redus","targetQuantity":null},"saveMe":null,"labels":[{"type":"v1","items":[{"text":"-10%","backgroundColor":"#FF9903","textColor":"#FFFFFF"}]}],"geniusPrice":null,"geniusUnitPricePerLabel":null,"banner":{"text":"Super preț","textColor":"#FF0000","bgColor":"#FFF2EC","icon":null,"link":"https://www.freshful.ro/oferte/oferte-bacanie-bauturi-21feb-8mar23","type":"promo","analyticsEventType":"select_promotion","analyticsEventPayload":{"promotion_id":"oferte-bacanie-bauturi-21feb-8mar23","promotion_name":"Cămara cu băuturi și bunătăți"}},"discountLabel":"Economisești 10%","geniusDiscountLabel":null,"badge":null},{"code":"100143513","variantCode":"100143513","name":"Cremă de arahide Light 350g","slug":"100143513-calve-crema-de-arahide-light-350g","unitPriceLabel":"54,26 Lei/kg","brand":"Calve","brandCode":"2778","brandFilterCode":"calve-b2852","sku":"100143513","price":18.99,"originalPrice":23.49,"currencyCode":"RON","currency":"Lei","image":{"thumbnail":{"default":"https://cdn.freshful.ro/media/cache/sylius_shop_product_thumbnail/d0/d5/8ac493d7135b3ed3cbf08f1d2368.jpg"},"large":{"default":"https://cdn.freshful.ro/media/cache/freshful_large/d0/d5/8ac493d7135b3ed3cbf08f1d2368.jpg"},"extralarge":{"default":"https://cdn.freshful.ro/media/cache/sylius_shop_product_original/d0/d5/8ac493d7135b3ed3cbf08f1d2368.jpg"}},"label":{"text":"-19%","backgroundColor":"#FF9903","textColor":"#FFFFFF"},"tags":[],"isAvailable":true,"maxAvailableQuantity":34,"maxAllowedQuantity":100,"breadcrumbs":[{"code":"9","name":"Dulciuri & mic dejun","slug":"9-ceva-dulce"},{"code":"903","name":"Cereale și mic dejun","slug":"903-cereale-si-mic-dejun"},{"code":"90306","name":"Cremă tartinabilă","slug":"90306-crema-tartinabila"},{"code":"100143513","name":"Cremă de arahide Light 350g","slug":"100143513-calve-crema-de-arahide-light-350g"}],"activePromotion":{"code":"special-produse-vegane-mar23","name":"Preț redus","targetQuantity":null},"saveMe":null,"labels":[{"type":"v1","items":[{"text":"-19%","backgroundColor":"#FF9903","textColor":"#FFFFFF"}]}],"geniusPrice":null,"geniusUnitPricePerLabel":null,"banner":{"text":"Super preț","textColor":"#FF0000","bgColor":"#FFF2EC","icon":null,"link":"https://www.freshful.ro/oferte/special-produse-vegane-mar23","type":"promo","analyticsEventType":"select_promotion","analyticsEventPayload":{"promotion_id":"special-produse-vegane-mar23","promotion_name":"Și bun, și de post"}},"discountLabel":"Economisești 19%","geniusDiscountLabel":null,"badge":null},{"code":"100150975","variantCode":"100150975","name":"Cereale cu cacao și bucăți de marshmallow Sea Party 325g","slug":"100150975-no-brand-cereale-cu-cacao-si-bucati-de-marshmallow-sea-party-325g","unitPriceLabel":"66,64 Lei/kg","brand":"Cereal Crunch","brandCode":"3155","brandFilterCode":"cereal-crunch-b3249","sku":"100150975","price":29.99,"originalPrice":null,"currencyCode":"RON","currency":"Lei","image":{"thumbnail":{"default":"https://cdn.freshful.ro/media/cache/sylius_shop_product_thumbnail/34/27/e84764810d8601346c1a420b9311.jpg"},"large":{"default":"https://cdn.freshful.ro/media/cache/freshful_large/34/27/e84764810d8601346c1a420b9311.jpg"},"extralarge":{"default":"https://cdn.freshful.ro/media/cache/sylius_shop_product_original/34/27/e84764810d8601346c1a420b9311.jpg"}},"label":{"text":"-20% cu Genius","backgroundColor":"#FEF3FA","textColor":"#CD015F"},"tags":[],"isAvailable":true,"maxAvailableQuantity":30,"maxAllowedQuantity":100,"breadcrumbs":[{"code":"9","name":"Dulciuri & mic dejun","slug":"9-ceva-dulce"},{"code":"903","name":"Cereale și mic dejun","slug":"903-cereale-si-mic-dejun"},{"code":"90305","name":"Alte cereale","slug":"90305-alte-cereale"},{"code":"100150975","name":"Cereale cu cacao și bucăți de marshmallow Sea Party 325g","slug":"100150975-no-brand-cereale-cu-cacao-si-bucati-de-marshmallow-sea-party-325g"}],"activePromotion":null,"saveMe":null,"labels":[{"type":"gdeals","items":[{"text":"","backgroundColor":"","textColor":""}]},{"type":"v3","items":[{"text":"-20% cu Genius","backgroundColor":"#FEF3FA","textColor":"#CD015F"}]}],"geniusPrice":23.99,"geniusUnitPricePerLabel":"53,31 Lei/kg","banner":null,"discountLabel":null,"geniusDiscountLabel":"Economisești 20%","badge":null},{"code":"100150978","variantCode":"100150978","name":"Cereale fulgi cu scortișoară 450g","slug":"100150978-cereal-crunch-cereale-fulgi-cu-scortisoara-450g","unitPriceLabel":"51,09 Lei/kg","brand":"Cereal Crunch","brandCode":"3155","brandFilterCode":"cereal-crunch-b3249","sku":"100150978","price":22.99,"originalPrice":null,"currencyCode":"RON","currency":"Lei","image":{"thumbnail":{"default":"https://cdn.freshful.ro/media/cache/sylius_shop_product_thumbnail/bc/ee/02020498bd4956271474bb85d835.jpg"},"large":{"default":"https://cdn.freshful.ro/media/cache/freshful_large/bc/ee/02020498bd4956271474bb85d835.jpg"},"extralarge":{"default":"https://cdn.freshful.ro/media/cache/sylius_shop_product_original/bc/ee/02020498bd4956271474bb85d835.jpg"}},"label":{"text":"-20% cu Genius","backgroundColor":"#FEF3FA","textColor":"#CD015F"},"tags":[],"isAvailable":true,"maxAvailableQuantity":21,"maxAllowedQuantity":100,"breadcrumbs":[{"code":"9","name":"Dulciuri & mic dejun","slug":"9-ceva-dulce"},{"code":"903","name":"Cereale și mic dejun","slug":"903-cereale-si-mic-dejun"},{"code":"90305","name":"Alte cereale","slug":"90305-alte-cereale"},{"code":"100150978","name":"Cereale fulgi cu scortișoară 450g","slug":"100150978-cereal-crunch-cereale-fulgi-cu-scortisoara-450g"}],"activePromotion":null,"saveMe":null,"labels":[{"type":"gdeals","items":[{"text":"","backgroundColor":"","textColor":""}]},{"type":"v3","items":[{"text":"-20% cu Genius","backgroundColor":"#FEF3FA","textColor":"#CD015F"}]}],"geniusPrice":18.39,"geniusUnitPricePerLabel":"40,87 Lei/kg","banner":null,"discountLabel":null,"geniusDiscountLabel":"Economisești 20%","badge":null},{"code":"100143514","variantCode":"100143514","name":"Cremă de arahide Creamy 350g","slug":"100143514-calve-crema-de-arahide-creamy-350g","unitPriceLabel":"51,4 Lei/kg","brand":"Calve","brandCode":"2778","brandFilterCode":"calve-b2852","sku":"100143514","price":17.99,"originalPrice":22.99,"currencyCode":"RON","currency":"Lei","image":{"thumbnail":{"default":"https://cdn.freshful.ro/media/cache/sylius_shop_product_thumbnail/99/71/e1644284bb8c75eedf7fb01d159d.jpg"},"large":{"default":"https://cdn.freshful.ro/media/cache/freshful_large/99/71/e1644284bb8c75eedf7fb01d159d.jpg"},"extralarge":{"default":"https://cdn.freshful.ro/media/cache/sylius_shop_product_original/99/71/e1644284bb8c75eedf7fb01d159d.jpg"}},"label":{"text":"-21%","backgroundColor":"#FF9903","textColor":"#FFFFFF"},"tags":[],"isAvailable":true,"maxAvailableQuantity":28,"maxAllowedQuantity":100,"breadcrumbs":[{"code":"9","name":"Dulciuri & mic dejun","slug":"9-ceva-dulce"},{"code":"903","name":"Cereale și mic dejun","slug":"903-cereale-si-mic-dejun"},{"code":"90306","name":"Cremă tartinabilă","slug":"90306-crema-tartinabila"},{"code":"100143514","name":"Cremă de arahide Creamy 350g","slug":"100143514-calve-crema-de-arahide-creamy-350g"}],"activePromotion":{"code":"special-produse-vegane-mar23","name":"Preț redus","targetQuantity":null},"saveMe":null,"labels":[{"type":"v1","items":[{"text":"-21%","backgroundColor":"#FF9903","textColor":"#FFFFFF"}]}],"geniusPrice":null,"geniusUnitPricePerLabel":null,"banner":{"text":"Super preț","textColor":"#FF0000","bgColor":"#FFF2EC","icon":null,"link":"https://www.freshful.ro/oferte/special-produse-vegane-mar23","type":"promo","analyticsEventType":"select_promotion","analyticsEventPayload":{"promotion_id":"special-produse-vegane-mar23","promotion_name":"Și bun, și de post"}},"discountLabel":"Economisești 21%","geniusDiscountLabel":null,"badge":null},{"code":"100140171","variantCode":"100140171","name":"Cremă tartinabilă de arahide 100%, 185g","slug":"100140171-primavika-crema-tartinabila-de-arahide-100-185g","unitPriceLabel":"64,81 Lei/kg","brand":"Primavika","brandCode":"2682","brandFilterCode":"primavika-b2686","sku":"100140171","price":11.99,"originalPrice":17.99,"currencyCode":"RON","currency":"Lei","image":{"thumbnail":{"default":"https://cdn.freshful.ro/media/cache/sylius_shop_product_thumbnail/c9/ca/592a12e54caa2000ce24876e8c95.jpg"},"large":{"default":"https://cdn.freshful.ro/media/cache/freshful_large/c9/ca/592a12e54caa2000ce24876e8c95.jpg"},"extralarge":{"default":"https://cdn.freshful.ro/media/cache/sylius_shop_product_original/c9/ca/592a12e54caa2000ce24876e8c95.jpg"}},"label":{"text":"-33%","backgroundColor":"#FF9903","textColor":"#FFFFFF"},"tags":[{"type":"vegan","text":"Vegan","icon":"https://cdn.freshful.ro/assets/product_tags/vegan.svg","iconPng":"https://cdn.freshful.ro/assets/product_tags/vegan.png","backgroundColor":"#ECF9F8","textColor":"#33A39C"},{"type":"NoGluten","text":"Fara gluten","icon":"https://cdn.freshful.ro/assets/product_tags/fara_gluten.svg","iconPng":"https://cdn.freshful.ro/assets/product_tags/fara_gluten.png","backgroundColor":"#FFF2E5","textColor":"#F07900"}],"isAvailable":true,"maxAvailableQuantity":47,"maxAllowedQuantity":100,"breadcrumbs":[{"code":"9","name":"Dulciuri & mic dejun","slug":"9-ceva-dulce"},{"code":"903","name":"Cereale și mic dejun","slug":"903-cereale-si-mic-dejun"},{"code":"90306","name":"Cremă tartinabilă","slug":"90306-crema-tartinabila"},{"code":"100140171","name":"Cremă tartinabilă de arahide 100%, 185g","slug":"100140171-primavika-crema-tartinabila-de-arahide-100-185g"}],"activePromotion":{"code":"special-produse-vegane-mar23","name":"Preț redus","targetQuantity":null},"saveMe":null,"labels":[{"type":"v1","items":[{"text":"-33%","backgroundColor":"#FF9903","textColor":"#FFFFFF"}]}],"geniusPrice":null,"geniusUnitPricePerLabel":null,"banner":{"text":"Super preț","textColor":"#FF0000","bgColor":"#FFF2EC","icon":null,"link":"https://www.freshful.ro/oferte/special-produse-vegane-mar23","type":"promo","analyticsEventType":"select_promotion","analyticsEventPayload":{"promotion_id":"special-produse-vegane-mar23","promotion_name":"Și bun, și de post"}},"discountLabel":"Economisești 33%","geniusDiscountLabel":null,"badge":null},{"code":"100140168","variantCode":"100140168","name":"Cremă tartinabilă de migdale 185g","slug":"100140168-primavika-crema-tartinabila-de-migdale-185g","unitPriceLabel":"167,51 Lei/kg","brand":"Primavika","brandCode":"2682","brandFilterCode":"primavika-b2686","sku":"100140168","price":30.99,"originalPrice":46.99,"currencyCode":"RON","currency":"Lei","image":{"thumbnail":{"default":"https://cdn.freshful.ro/media/cache/sylius_shop_product_thumbnail/8c/9c/4184cd9f8d91212879566008ab9c.jpg"},"large":{"default":"https://cdn.freshful.ro/media/cache/freshful_large/8c/9c/4184cd9f8d91212879566008ab9c.jpg"},"extralarge":{"default":"https://cdn.freshful.ro/media/cache/sylius_shop_product_original/8c/9c/4184cd9f8d91212879566008ab9c.jpg"}},"label":{"text":"-34%","backgroundColor":"#FF9903","textColor":"#FFFFFF"},"tags":[{"type":"vegan","text":"Vegan","icon":"https://cdn.freshful.ro/assets/product_tags/vegan.svg","iconPng":"https://cdn.freshful.ro/assets/product_tags/vegan.png","backgroundColor":"#ECF9F8","textColor":"#33A39C"},{"type":"NoGluten","text":"Fara gluten","icon":"https://cdn.freshful.ro/assets/product_tags/fara_gluten.svg","iconPng":"https://cdn.freshful.ro/assets/product_tags/fara_gluten.png","backgroundColor":"#FFF2E5","textColor":"#F07900"}],"isAvailable":true,"maxAvailableQuantity":39,"maxAllowedQuantity":100,"breadcrumbs":[{"code":"9","name":"Dulciuri & mic dejun","slug":"9-ceva-dulce"},{"code":"903","name":"Cereale și mic dejun","slug":"903-cereale-si-mic-dejun"},{"code":"90306","name":"Cremă tartinabilă","slug":"90306-crema-tartinabila"},{"code":"100140168","name":"Cremă tartinabilă de migdale 185g","slug":"100140168-primavika-crema-tartinabila-de-migdale-185g"}],"activePromotion":{"code":"special-produse-vegane-mar23","name":"Preț redus","targetQuantity":null},"saveMe":null,"labels":[{"type":"v1","items":[{"text":"-34%","backgroundColor":"#FF9903","textColor":"#FFFFFF"}]}],"geniusPrice":null,"geniusUnitPricePerLabel":null,"banner":{"text":"Super preț","textColor":"#FF0000","bgColor":"#FFF2EC","icon":null,"link":"https://www.freshful.ro/oferte/special-produse-vegane-mar23","type":"promo","analyticsEventType":"select_promotion","analyticsEventPayload":{"promotion_id":"special-produse-vegane-mar23","promotion_name":"Și bun, și de post"}},"discountLabel":"Economisești 34%","geniusDiscountLabel":null,"badge":null}]},{"analyticsListId":"category-slot_904-cafea-si-ceai","analyticsListName":"Category Slot - Cafea și ceai","type":"products_carousel","title":"Cafea și ceai","link":{"title":"Mai multe","count":657,"url":"/c/9-ceva-dulce/904-cafea-si-ceai"},"products":[{"code":"100117121","variantCode":"100117121","name":"Cafea măcinată Il Mattino 250g","slug":"100117121-lavazza-cafea-macinata-il-mattino-250g","unitPriceLabel":"14,99 Lei/buc","brand":"Lavazza","brandCode":"161","brandFilterCode":"lavazza-b162","sku":"100117121","price":14.99,"originalPrice":17.5,"currencyCode":"RON","currency":"Lei","image":{"thumbnail":{"default":"https://cdn.freshful.ro/media/cache/sylius_shop_product_thumbnail/8f/07/49a9f0281473346f47bcbec95ce2.jpg"},"large":{"default":"https://cdn.freshful.ro/media/cache/freshful_large/8f/07/49a9f0281473346f47bcbec95ce2.jpg"},"extralarge":{"default":"https://cdn.freshful.ro/media/cache/sylius_shop_product_original/8f/07/49a9f0281473346f47bcbec95ce2.jpg"}},"label":{"text":"-14%","backgroundColor":"#FF9903","textColor":"#FFFFFF"},"tags":[],"isAvailable":true,"maxAvailableQuantity":6,"maxAllowedQuantity":6,"breadcrumbs":[{"code":"9","name":"Dulciuri & mic dejun","slug":"9-ceva-dulce"},{"code":"904","name":"Cafea și ceai","slug":"904-cafea-si-ceai"},{"code":"90403","name":"Cafea măcinată","slug":"90403-cafea-macinata"},{"code":"100117121","name":"Cafea măcinată Il Mattino 250g","slug":"100117121-lavazza-cafea-macinata-il-mattino-250g"}],"activePromotion":{"code":"oferte-bacanie-bauturi-21feb-8mar23","name":"Preț redus","targetQuantity":null},"saveMe":null,"labels":[{"type":"v1","items":[{"text":"-14%","backgroundColor":"#FF9903","textColor":"#FFFFFF"}]}],"geniusPrice":null,"geniusUnitPricePerLabel":null,"banner":{"text":"Super preț","textColor":"#FF0000","bgColor":"#FFF2EC","icon":null,"link":"https://www.freshful.ro/oferte/oferte-bacanie-bauturi-21feb-8mar23","type":"promo","analyticsEventType":"select_promotion","analyticsEventPayload":{"promotion_id":"oferte-bacanie-bauturi-21feb-8mar23","promotion_name":"Cămara cu băuturi și bunătăți"}},"discountLabel":"Economisești 14%","geniusDiscountLabel":null,"badge":null},{"code":"100002911","variantCode":"5012547001582","name":"Cafea boabe Colombian Roast 500g","slug":"100002911-costa-coffee-cafea-boabe-colombian-roast-500g","unitPriceLabel":"84,6 Lei/kg","brand":"Costa Coffee","brandCode":"290","brandFilterCode":"costa-coffee-b291","sku":"100002911","price":43.99,"originalPrice":57.99,"currencyCode":"RON","currency":"Lei","image":{"thumbnail":{"default":"https://cdn.freshful.ro/media/cache/sylius_shop_product_thumbnail/a7/4b/b674e3f8514e74b355fa48a11993.jpg"},"large":{"default":"https://cdn.freshful.ro/media/cache/freshful_large/a7/4b/b674e3f8514e74b355fa48a11993.jpg"},"extralarge":{"default":"https://cdn.freshful.ro/media/cache/sylius_shop_product_original/a7/4b/b674e3f8514e74b355fa48a11993.jpg"}},"label":{"text":"-24%","backgroundColor":"#FF9903","textColor":"#FFFFFF"},"tags":[],"isAvailable":true,"maxAvailableQuantity":100,"maxAllowedQuantity":100,"breadcrumbs":[{"code":"9","name":"Dulciuri & mic dejun","slug":"9-ceva-dulce"},{"code":"904","name":"Cafea și ceai","slug":"904-cafea-si-ceai"},{"code":"90402","name":"Cafea boabe","slug":"90402-cafea-boabe"},{"code":"100002911","name":"Cafea boabe Colombian Roast 500g","slug":"100002911-costa-coffee-cafea-boabe-colombian-roast-500g"}],"activePromotion":{"code":"special-bacanie-bauturi-mar23","name":"Preț redus","targetQuantity":null},"saveMe":null,"labels":[{"type":"v1","items":[{"text":"-24%","backgroundColor":"#FF9903","textColor":"#FFFFFF"}]}],"geniusPrice":null,"geniusUnitPricePerLabel":null,"banner":{"text":"Super preț","textColor":"#FF0000","bgColor":"#FFF2EC","icon":null,"link":"https://www.freshful.ro/oferte/special-bacanie-bauturi-mar23","type":"promo","analyticsEventType":"select_promotion","analyticsEventPayload":{"promotion_id":"special-bacanie-bauturi-mar23","promotion_name":"Prețuri speciale pentru Ziua Femeii"}},"discountLabel":"Economisești 24%","geniusDiscountLabel":null,"badge":null},{"code":"100002917","variantCode":"5012547001759","name":"Capsule cafea, Ristretto Lively Blend, 10 băuturi, 75g","slug":"100002917-costa-coffee-capsule-cafea-ristretto-lively-blend-10-bauturi-75g","unitPriceLabel":"166,56 Lei/kg","brand":"Costa Coffee","brandCode":"290","brandFilterCode":"costa-coffee-b291","sku":"100002917","price":14.99,"originalPrice":18.5,"currencyCode":"RON","currency":"Lei","image":{"thumbnail":{"default":"https://cdn.freshful.ro/media/cache/sylius_shop_product_thumbnail/e9/4d/469fef7272f4801ab5ecdc798446.jpg"},"large":{"default":"https://cdn.freshful.ro/media/cache/freshful_large/e9/4d/469fef7272f4801ab5ecdc798446.jpg"},"extralarge":{"default":"https://cdn.freshful.ro/media/cache/sylius_shop_product_original/e9/4d/469fef7272f4801ab5ecdc798446.jpg"}},"label":{"text":"-18%","backgroundColor":"#FF9903","textColor":"#FFFFFF"},"tags":[],"isAvailable":true,"maxAvailableQuantity":84,"maxAllowedQuantity":100,"breadcrumbs":[{"code":"9","name":"Dulciuri & mic dejun","slug":"9-ceva-dulce"},{"code":"904","name":"Cafea și ceai","slug":"904-cafea-si-ceai"},{"code":"90405","name":"Capsule","slug":"90405-capsule"},{"code":"100002917","name":"Capsule cafea, Ristretto Lively Blend, 10 băuturi, 75g","slug":"100002917-costa-coffee-capsule-cafea-ristretto-lively-blend-10-bauturi-75g"}],"activePromotion":{"code":"special-bacanie-bauturi-mar23","name":"Preț redus","targetQuantity":null},"saveMe":null,"labels":[{"type":"v1","items":[{"text":"-18%","backgroundColor":"#FF9903","textColor":"#FFFFFF"}]}],"geniusPrice":null,"geniusUnitPricePerLabel":null,"banner":{"text":"Super preț","textColor":"#FF0000","bgColor":"#FFF2EC","icon":null,"link":"https://www.freshful.ro/oferte/special-bacanie-bauturi-mar23","type":"promo","analyticsEventType":"select_promotion","analyticsEventPayload":{"promotion_id":"special-bacanie-bauturi-mar23","promotion_name":"Prețuri speciale pentru Ziua Femeii"}},"discountLabel":"Economisești 18%","geniusDiscountLabel":null,"badge":null},{"code":"100087172","variantCode":"8711000360620","name":"Capsule cafea Espresso Papua Noua Guinee 10 băuturi","slug":"100087172-l-or-capsule-cafea-espresso-papua-noua-guinee-10-bauturi","unitPriceLabel":"","brand":"L'OR","brandCode":"750","brandFilterCode":"l-or-b751","sku":"100087172","price":15.99,"originalPrice":18.5,"currencyCode":"RON","currency":"Lei","image":{"thumbnail":{"default":"https://cdn.freshful.ro/media/cache/sylius_shop_product_thumbnail/13/e1/cd17dd2c4f3529f7ede4e9b6f90c.jpg"},"large":{"default":"https://cdn.freshful.ro/media/cache/freshful_large/13/e1/cd17dd2c4f3529f7ede4e9b6f90c.jpg"},"extralarge":{"default":"https://cdn.freshful.ro/media/cache/sylius_shop_product_original/13/e1/cd17dd2c4f3529f7ede4e9b6f90c.jpg"}},"label":{"text":"-13%","backgroundColor":"#FF9903","textColor":"#FFFFFF"},"tags":[],"isAvailable":true,"maxAvailableQuantity":83,"maxAllowedQuantity":100,"breadcrumbs":[{"code":"9","name":"Dulciuri & mic dejun","slug":"9-ceva-dulce"},{"code":"904","name":"Cafea și ceai","slug":"904-cafea-si-ceai"},{"code":"90405","name":"Capsule","slug":"90405-capsule"},{"code":"100087172","name":"Capsule cafea Espresso Papua Noua Guinee 10 băuturi","slug":"100087172-l-or-capsule-cafea-espresso-papua-noua-guinee-10-bauturi"}],"activePromotion":{"code":"special-bacanie-bauturi-mar23","name":"Preț redus","targetQuantity":null},"saveMe":null,"labels":[{"type":"v1","items":[{"text":"-13%","backgroundColor":"#FF9903","textColor":"#FFFFFF"}]}],"geniusPrice":null,"geniusUnitPricePerLabel":null,"banner":{"text":"Super preț","textColor":"#FF0000","bgColor":"#FFF2EC","icon":null,"link":"https://www.freshful.ro/oferte/special-bacanie-bauturi-mar23","type":"promo","analyticsEventType":"select_promotion","analyticsEventPayload":{"promotion_id":"special-bacanie-bauturi-mar23","promotion_name":"Prețuri speciale pentru Ziua Femeii"}},"discountLabel":"Economisești 13%","geniusDiscountLabel":null,"badge":null},{"code":"100127670","variantCode":"7630477891592","name":"Capsule cafea, House Blend Lungo, 10 băuturi, 57g","slug":"100127670-starbucks-capsule-cafea-house-blend-lungo-10-bauturi-57g","unitPriceLabel":"231,59 Lei/kg","brand":"Starbucks","brandCode":"226","brandFilterCode":"starbucks-b227","sku":"100127670","price":18.99,"originalPrice":21.9,"currencyCode":"RON","currency":"Lei","image":{"thumbnail":{"default":"https://cdn.freshful.ro/media/cache/sylius_shop_product_thumbnail/c4/1b/931037e7f3b3eae788b2c7dfc53c.jpg"},"large":{"default":"https://cdn.freshful.ro/media/cache/freshful_large/c4/1b/931037e7f3b3eae788b2c7dfc53c.jpg"},"extralarge":{"default":"https://cdn.freshful.ro/media/cache/sylius_shop_product_original/c4/1b/931037e7f3b3eae788b2c7dfc53c.jpg"}},"label":{"text":"-13%","backgroundColor":"#FF9903","textColor":"#FFFFFF"},"tags":[],"isAvailable":true,"maxAvailableQuantity":80,"maxAllowedQuantity":100,"breadcrumbs":[{"code":"9","name":"Dulciuri & mic dejun","slug":"9-ceva-dulce"},{"code":"904","name":"Cafea și ceai","slug":"904-cafea-si-ceai"},{"code":"90405","name":"Capsule","slug":"90405-capsule"},{"code":"100127670","name":"Capsule cafea, House Blend Lungo, 10 băuturi, 57g","slug":"100127670-starbucks-capsule-cafea-house-blend-lungo-10-bauturi-57g"}],"activePromotion":{"code":"special-bacanie-bauturi-mar23","name":"Preț redus","targetQuantity":null},"saveMe":null,"labels":[{"type":"v1","items":[{"text":"-13%","backgroundColor":"#FF9903","textColor":"#FFFFFF"}]}],"geniusPrice":null,"geniusUnitPricePerLabel":null,"banner":{"text":"Super preț","textColor":"#FF0000","bgColor":"#FFF2EC","icon":null,"link":"https://www.freshful.ro/oferte/special-bacanie-bauturi-mar23","type":"promo","analyticsEventType":"select_promotion","analyticsEventPayload":{"promotion_id":"special-bacanie-bauturi-mar23","promotion_name":"Prețuri speciale pentru Ziua Femeii"}},"discountLabel":"Economisești 13%","geniusDiscountLabel":null,"badge":null},{"code":"100002782","variantCode":"5012547001674","name":"Cafea măcinată Colombian Roast 200g","slug":"100002782-costa-coffee-cafea-macinata-colombian-roast-200g","unitPriceLabel":"90,86 Lei/kg","brand":"Costa Coffee","brandCode":"290","brandFilterCode":"costa-coffee-b291","sku":"100002782","price":19.99,"originalPrice":23.99,"currencyCode":"RON","currency":"Lei","image":{"thumbnail":{"default":"https://cdn.freshful.ro/media/cache/sylius_shop_product_thumbnail/45/a9/20634d6eedc8f83baf7e63bbd279.jpg"},"large":{"default":"https://cdn.freshful.ro/media/cache/freshful_large/45/a9/20634d6eedc8f83baf7e63bbd279.jpg"},"extralarge":{"default":"https://cdn.freshful.ro/media/cache/sylius_shop_product_original/45/a9/20634d6eedc8f83baf7e63bbd279.jpg"}},"label":{"text":"-16%","backgroundColor":"#FF9903","textColor":"#FFFFFF"},"tags":[],"isAvailable":true,"maxAvailableQuantity":45,"maxAllowedQuantity":100,"breadcrumbs":[{"code":"9","name":"Dulciuri & mic dejun","slug":"9-ceva-dulce"},{"code":"904","name":"Cafea și ceai","slug":"904-cafea-si-ceai"},{"code":"90403","name":"Cafea măcinată","slug":"90403-cafea-macinata"},{"code":"100002782","name":"Cafea măcinată Colombian Roast 200g","slug":"100002782-costa-coffee-cafea-macinata-colombian-roast-200g"}],"activePromotion":{"code":"special-bacanie-bauturi-mar23","name":"Preț redus","targetQuantity":null},"saveMe":null,"labels":[{"type":"v1","items":[{"text":"-16%","backgroundColor":"#FF9903","textColor":"#FFFFFF"}]}],"geniusPrice":null,"geniusUnitPricePerLabel":null,"banner":{"text":"Super preț","textColor":"#FF0000","bgColor":"#FFF2EC","icon":null,"link":"https://www.freshful.ro/oferte/special-bacanie-bauturi-mar23","type":"promo","analyticsEventType":"select_promotion","analyticsEventPayload":{"promotion_id":"special-bacanie-bauturi-mar23","promotion_name":"Prețuri speciale pentru Ziua Femeii"}},"discountLabel":"Economisești 16%","geniusDiscountLabel":null,"badge":null},{"code":"100127676","variantCode":"7630477891738","name":"Capsule cafea, Blonde Espresso Roast, 10 băuturi, 53g","slug":"100127676-starbucks-capsule-cafea-blonde-espresso-roast-10-bauturi-53g","unitPriceLabel":"246,62 Lei/kg","brand":"Starbucks","brandCode":"226","brandFilterCode":"starbucks-b227","sku":"100127676","price":18.99,"originalPrice":20.5,"currencyCode":"RON","currency":"Lei","image":{"thumbnail":{"default":"https://cdn.freshful.ro/media/cache/sylius_shop_product_thumbnail/5e/1e/60f79a00ff2b34912faf08ce36b0.jpg"},"large":{"default":"https://cdn.freshful.ro/media/cache/freshful_large/5e/1e/60f79a00ff2b34912faf08ce36b0.jpg"},"extralarge":{"default":"https://cdn.freshful.ro/media/cache/sylius_shop_product_original/5e/1e/60f79a00ff2b34912faf08ce36b0.jpg"}},"label":{"text":"-7%","backgroundColor":"#FF9903","textColor":"#FFFFFF"},"tags":[],"isAvailable":true,"maxAvailableQuantity":65,"maxAllowedQuantity":100,"breadcrumbs":[{"code":"9","name":"Dulciuri & mic dejun","slug":"9-ceva-dulce"},{"code":"904","name":"Cafea și ceai","slug":"904-cafea-si-ceai"},{"code":"90405","name":"Capsule","slug":"90405-capsule"},{"code":"100127676","name":"Capsule cafea, Blonde Espresso Roast, 10 băuturi, 53g","slug":"100127676-starbucks-capsule-cafea-blonde-espresso-roast-10-bauturi-53g"}],"activePromotion":{"code":"special-bacanie-bauturi-mar23","name":"Preț redus","targetQuantity":null},"saveMe":null,"labels":[{"type":"v1","items":[{"text":"-7%","backgroundColor":"#FF9903","textColor":"#FFFFFF"}]}],"geniusPrice":null,"geniusUnitPricePerLabel":null,"banner":{"text":"Super preț","textColor":"#FF0000","bgColor":"#FFF2EC","icon":null,"link":"https://www.freshful.ro/oferte/special-bacanie-bauturi-mar23","type":"promo","analyticsEventType":"select_promotion","analyticsEventPayload":{"promotion_id":"special-bacanie-bauturi-mar23","promotion_name":"Prețuri speciale pentru Ziua Femeii"}},"discountLabel":"Economisești 7%","geniusDiscountLabel":null,"badge":null},{"code":"100127673","variantCode":"7630477891691","name":"Capsule cafea, single-origin Colombia, 10 băuturi, 57g","slug":"100127673-starbucks-capsule-cafea-single-origin-colombia-10-bauturi-57g","unitPriceLabel":"234,44 Lei/kg","brand":"Starbucks","brandCode":"226","brandFilterCode":"starbucks-b227","sku":"100127673","price":18.99,"originalPrice":20.89,"currencyCode":"RON","currency":"Lei","image":{"thumbnail":{"default":"https://cdn.freshful.ro/media/cache/sylius_shop_product_thumbnail/6a/d2/6dd4bc4406c0a28b23a1fc7dc100.jpg"},"large":{"default":"https://cdn.freshful.ro/media/cache/freshful_large/6a/d2/6dd4bc4406c0a28b23a1fc7dc100.jpg"},"extralarge":{"default":"https://cdn.freshful.ro/media/cache/sylius_shop_product_original/6a/d2/6dd4bc4406c0a28b23a1fc7dc100.jpg"}},"label":{"text":"-9%","backgroundColor":"#FF9903","textColor":"#FFFFFF"},"tags":[],"isAvailable":true,"maxAvailableQuantity":100,"maxAllowedQuantity":100,"breadcrumbs":[{"code":"9","name":"Dulciuri & mic dejun","slug":"9-ceva-dulce"},{"code":"904","name":"Cafea și ceai","slug":"904-cafea-si-ceai"},{"code":"90405","name":"Capsule","slug":"90405-capsule"},{"code":"100127673","name":"Capsule cafea, single-origin Colombia, 10 băuturi, 57g","slug":"100127673-starbucks-capsule-cafea-single-origin-colombia-10-bauturi-57g"}],"activePromotion":{"code":"special-bacanie-bauturi-mar23","name":"Preț redus","targetQuantity":null},"saveMe":null,"labels":[{"type":"v1","items":[{"text":"-9%","backgroundColor":"#FF9903","textColor":"#FFFFFF"}]}],"geniusPrice":null,"geniusUnitPricePerLabel":null,"banner":{"text":"Super preț","textColor":"#FF0000","bgColor":"#FFF2EC","icon":null,"link":"https://www.freshful.ro/oferte/special-bacanie-bauturi-mar23","type":"promo","analyticsEventType":"select_promotion","analyticsEventPayload":{"promotion_id":"special-bacanie-bauturi-mar23","promotion_name":"Prețuri speciale pentru Ziua Femeii"}},"discountLabel":"Economisești 9%","geniusDiscountLabel":null,"badge":null},{"code":"100002770","variantCode":"5012547001605","name":"Cafea boabe Signature Blend Medium 500g","slug":"100002770-costa-coffee-cafea-boabe-signature-blend-medium-500g","unitPriceLabel":"82,19 Lei/kg","brand":"Costa Coffee","brandCode":"290","brandFilterCode":"costa-coffee-b291","sku":"100002770","price":42.74,"originalPrice":null,"currencyCode":"RON","currency":"Lei","image":{"thumbnail":{"default":"https://cdn.freshful.ro/media/cache/sylius_shop_product_thumbnail/2e/0f/05086d371d66cfe5ae13432d71cc.jpg"},"large":{"default":"https://cdn.freshful.ro/media/cache/freshful_large/2e/0f/05086d371d66cfe5ae13432d71cc.jpg"},"extralarge":{"default":"https://cdn.freshful.ro/media/cache/sylius_shop_product_original/2e/0f/05086d371d66cfe5ae13432d71cc.jpg"}},"label":{"text":"-20% cu Genius","backgroundColor":"#FEF3FA","textColor":"#CD015F"},"tags":[],"isAvailable":true,"maxAvailableQuantity":48,"maxAllowedQuantity":100,"breadcrumbs":[{"code":"9","name":"Dulciuri & mic dejun","slug":"9-ceva-dulce"},{"code":"904","name":"Cafea și ceai","slug":"904-cafea-si-ceai"},{"code":"90402","name":"Cafea boabe","slug":"90402-cafea-boabe"},{"code":"100002770","name":"Cafea boabe Signature Blend Medium 500g","slug":"100002770-costa-coffee-cafea-boabe-signature-blend-medium-500g"}],"activePromotion":null,"saveMe":null,"labels":[{"type":"gdeals","items":[{"text":"","backgroundColor":"","textColor":""}]},{"type":"v3","items":[{"text":"-20% cu Genius","backgroundColor":"#FEF3FA","textColor":"#CD015F"}]}],"geniusPrice":34.19,"geniusUnitPricePerLabel":"65,75 Lei/kg","banner":null,"discountLabel":null,"geniusDiscountLabel":"Economisești 20%","badge":null},{"code":"100061476","variantCode":"6423602005510","name":"Ceai de ghimbir 50g","slug":"100061476-alevia-ceai-de-ghimbir-50g","unitPriceLabel":"159,8 Lei/kg","brand":"Alevia","brandCode":"83","brandFilterCode":"alevia-b128","sku":"100061476","price":7.99,"originalPrice":9.99,"currencyCode":"RON","currency":"Lei","image":{"thumbnail":{"default":"https://cdn.freshful.ro/media/cache/sylius_shop_product_thumbnail/5e/c5/8a22045996dc6a233e4999d326ce.jpg"},"large":{"default":"https://cdn.freshful.ro/media/cache/freshful_large/5e/c5/8a22045996dc6a233e4999d326ce.jpg"},"extralarge":{"default":"https://cdn.freshful.ro/media/cache/sylius_shop_product_original/5e/c5/8a22045996dc6a233e4999d326ce.jpg"}},"label":{"text":"-20%","backgroundColor":"#FF9903","textColor":"#FFFFFF"},"tags":[{"type":"Natural","text":"Natural","icon":"https://cdn.freshful.ro/assets/product_tags/natural.svg","iconPng":"https://cdn.freshful.ro/assets/product_tags/natural.png","backgroundColor":"#E9FCF2","textColor":"#18AF62"}],"isAvailable":true,"maxAvailableQuantity":46,"maxAllowedQuantity":100,"breadcrumbs":[{"code":"9","name":"Dulciuri & mic dejun","slug":"9-ceva-dulce"},{"code":"904","name":"Cafea și ceai","slug":"904-cafea-si-ceai"},{"code":"90413","name":"Ceai din plante","slug":"90413-ceai-din-plante"},{"code":"100061476","name":"Ceai de ghimbir 50g","slug":"100061476-alevia-ceai-de-ghimbir-50g"}],"activePromotion":{"code":"oferte-bacanie-bauturi-21feb-8mar23","name":"Preț redus","targetQuantity":null},"saveMe":null,"labels":[{"type":"v1","items":[{"text":"-20%","backgroundColor":"#FF9903","textColor":"#FFFFFF"}]}],"geniusPrice":null,"geniusUnitPricePerLabel":null,"banner":{"text":"Super preț","textColor":"#FF0000","bgColor":"#FFF2EC","icon":null,"link":"https://www.freshful.ro/oferte/oferte-bacanie-bauturi-21feb-8mar23","type":"promo","analyticsEventType":"select_promotion","analyticsEventPayload":{"promotion_id":"oferte-bacanie-bauturi-21feb-8mar23","promotion_name":"Cămara cu băuturi și bunătăți"}},"discountLabel":"Economisești 20%","geniusDiscountLabel":null,"badge":null}]},{"analyticsListId":"category-slot_905-bomboane-si-ciocolata","analyticsListName":"Category Slot - Bomboane și ciocolată","type":"products_carousel","title":"Bomboane și ciocolată","link":{"title":"Mai multe","count":556,"url":"/c/9-ceva-dulce/905-bomboane-si-ciocolata"},"products":[{"code":"100038407","variantCode":"8000500023976","name":"Specialități crocante de nucă de cocos cu migdală întreagă în interior 150g","slug":"100038407-raffaello-specialitati-crocante-de-nuca-de-cocos-cu-migdala-intreaga-in-interior-150g","unitPriceLabel":"77,06 Lei/kg","brand":"Raffaello","brandCode":"158","brandFilterCode":"raffaello-b159","sku":"100038407","price":11.79,"originalPrice":null,"currencyCode":"RON","currency":"Lei","image":{"thumbnail":{"default":"https://cdn.freshful.ro/media/cache/sylius_shop_product_thumbnail/aa/d9/aacc821e15a8ffaab4e472e84525.jpg"},"large":{"default":"https://cdn.freshful.ro/media/cache/freshful_large/aa/d9/aacc821e15a8ffaab4e472e84525.jpg"},"extralarge":{"default":"https://cdn.freshful.ro/media/cache/sylius_shop_product_original/aa/d9/aacc821e15a8ffaab4e472e84525.jpg"}},"label":{"text":"Profită acum","backgroundColor":"#FF9903","textColor":"#FFFFFF"},"tags":[],"isAvailable":true,"maxAvailableQuantity":6,"maxAllowedQuantity":100,"breadcrumbs":[{"code":"9","name":"Dulciuri & mic dejun","slug":"9-ceva-dulce"},{"code":"905","name":"Bomboane și ciocolată","slug":"905-bomboane-si-ciocolata"},{"code":"90505","name":"Praline de ciocolată","slug":"90505-praline-de-ciocolata"},{"code":"100038407","name":"Specialități crocante de nucă de cocos cu migdală întreagă în interior 150g","slug":"100038407-raffaello-specialitati-crocante-de-nuca-de-cocos-cu-migdala-intreaga-in-interior-150g"}],"activePromotion":{"code":"special-bacanie-bauturi-mar23","name":"Preț avantajos","targetQuantity":null},"saveMe":null,"labels":[{"type":"v1","items":[{"text":"Profită acum","backgroundColor":"#FF9903","textColor":"#FFFFFF"}]}],"geniusPrice":null,"geniusUnitPricePerLabel":null,"banner":{"text":"Preț avantajos","textColor":"#F95510","bgColor":"#FEF1CD","icon":null,"link":"https://www.freshful.ro/oferte/special-bacanie-bauturi-mar23","type":"promo","analyticsEventType":"select_promotion","analyticsEventPayload":{"promotion_id":"special-bacanie-bauturi-mar23","promotion_name":"Prețuri speciale pentru Ziua Femeii"}},"discountLabel":null,"geniusDiscountLabel":null,"badge":null},{"code":"100040376","variantCode":"4011100005846","name":"M&M'S - Arahide învelite în ciocolată cu lapte 250g","slug":"100040376-m-m-s-m-m-s-arahide-invelite-in-ciocolata-cu-lapte-250g","unitPriceLabel":"47,96 Lei/kg","brand":"M&M'S","brandCode":"109","brandFilterCode":"m-m-s-b93","sku":"100040376","price":11.99,"originalPrice":null,"currencyCode":"RON","currency":"Lei","image":{"thumbnail":{"default":"https://cdn.freshful.ro/media/cache/sylius_shop_product_thumbnail/79/cf/490a2a092da03e49979524be8256.jpg"},"large":{"default":"https://cdn.freshful.ro/media/cache/freshful_large/79/cf/490a2a092da03e49979524be8256.jpg"},"extralarge":{"default":"https://cdn.freshful.ro/media/cache/sylius_shop_product_original/79/cf/490a2a092da03e49979524be8256.jpg"}},"label":{"text":"Profită acum","backgroundColor":"#FF9903","textColor":"#FFFFFF"},"tags":[],"isAvailable":true,"maxAvailableQuantity":100,"maxAllowedQuantity":100,"breadcrumbs":[{"code":"9","name":"Dulciuri & mic dejun","slug":"9-ceva-dulce"},{"code":"905","name":"Bomboane și ciocolată","slug":"905-bomboane-si-ciocolata"},{"code":"90504","name":"Drajeuri de ciocolată","slug":"90504-drajeuri-din-ciocolata"},{"code":"100040376","name":"M&M'S - Arahide învelite în ciocolată cu lapte 250g","slug":"100040376-m-m-s-m-m-s-arahide-invelite-in-ciocolata-cu-lapte-250g"}],"activePromotion":{"code":"freshful-top-deals-2023","name":"Preț avantajos","targetQuantity":null},"saveMe":null,"labels":[{"type":"v1","items":[{"text":"Profită acum","backgroundColor":"#FF9903","textColor":"#FFFFFF"}]}],"geniusPrice":null,"geniusUnitPricePerLabel":null,"banner":{"text":"Preț avantajos","textColor":"#F95510","bgColor":"#FEF1CD","icon":null,"link":"https://www.freshful.ro/oferte/freshful-top-deals-2023","type":"promo","analyticsEventType":"select_promotion","analyticsEventPayload":{"promotion_id":"freshful-top-deals-2023","promotion_name":"Profită de Top Deals"}},"discountLabel":null,"geniusDiscountLabel":null,"badge":null},{"code":"100081612","variantCode":"8690504142553","name":"Ciocolată Extra cu lapte 60g","slug":"100081612-godiva-ciocolata-extra-cu-lapte-60g","unitPriceLabel":"116,5 Lei/kg","brand":"Godiva","brandCode":"1003","brandFilterCode":"godiva-b953","sku":"100081612","price":6.99,"originalPrice":7.49,"currencyCode":"RON","currency":"Lei","image":{"thumbnail":{"default":"https://cdn.freshful.ro/media/cache/sylius_shop_product_thumbnail/80/bb/a9f62c17ea57f3eae1c138a277c8.jpg"},"large":{"default":"https://cdn.freshful.ro/media/cache/freshful_large/80/bb/a9f62c17ea57f3eae1c138a277c8.jpg"},"extralarge":{"default":"https://cdn.freshful.ro/media/cache/sylius_shop_product_original/80/bb/a9f62c17ea57f3eae1c138a277c8.jpg"}},"label":{"text":"-6%","backgroundColor":"#FF9903","textColor":"#FFFFFF"},"tags":[],"isAvailable":true,"maxAvailableQuantity":13,"maxAllowedQuantity":100,"breadcrumbs":[{"code":"9","name":"Dulciuri & mic dejun","slug":"9-ceva-dulce"},{"code":"905","name":"Bomboane și ciocolată","slug":"905-bomboane-si-ciocolata"},{"code":"90501","name":"Tablete de ciocolată","slug":"90501-tablete-de-ciocolata"},{"code":"100081612","name":"Ciocolată Extra cu lapte 60g","slug":"100081612-godiva-ciocolata-extra-cu-lapte-60g"}],"activePromotion":{"code":"special-bacanie-bauturi-mar23","name":"Preț redus","targetQuantity":null},"saveMe":null,"labels":[{"type":"v1","items":[{"text":"-6%","backgroundColor":"#FF9903","textColor":"#FFFFFF"}]}],"geniusPrice":null,"geniusUnitPricePerLabel":null,"banner":{"text":"Super preț","textColor":"#FF0000","bgColor":"#FFF2EC","icon":null,"link":"https://www.freshful.ro/oferte/special-bacanie-bauturi-mar23","type":"promo","analyticsEventType":"select_promotion","analyticsEventPayload":{"promotion_id":"special-bacanie-bauturi-mar23","promotion_name":"Prețuri speciale pentru Ziua Femeii"}},"discountLabel":"Economisești 6%","geniusDiscountLabel":null,"badge":null},{"code":"100065619","variantCode":"8690504153740","name":"Ciocolată neagră cu umplutură ganache 86g","slug":"100065619-godiva-ciocolata-neagra-cu-umplutura-ganache-86g","unitPriceLabel":"127,79 Lei/kg","brand":"Godiva","brandCode":"1003","brandFilterCode":"godiva-b953","sku":"100065619","price":10.99,"originalPrice":11.9,"currencyCode":"RON","currency":"Lei","image":{"thumbnail":{"default":"https://cdn.freshful.ro/media/cache/sylius_shop_product_thumbnail/e4/5c/a1bc480c69c7dea2e3b5463169c3.jpg"},"large":{"default":"https://cdn.freshful.ro/media/cache/freshful_large/e4/5c/a1bc480c69c7dea2e3b5463169c3.jpg"},"extralarge":{"default":"https://cdn.freshful.ro/media/cache/sylius_shop_product_original/e4/5c/a1bc480c69c7dea2e3b5463169c3.jpg"}},"label":{"text":"-7%","backgroundColor":"#FF9903","textColor":"#FFFFFF"},"tags":[],"isAvailable":true,"maxAvailableQuantity":46,"maxAllowedQuantity":100,"breadcrumbs":[{"code":"9","name":"Dulciuri & mic dejun","slug":"9-ceva-dulce"},{"code":"905","name":"Bomboane și ciocolată","slug":"905-bomboane-si-ciocolata"},{"code":"90501","name":"Tablete de ciocolată","slug":"90501-tablete-de-ciocolata"},{"code":"100065619","name":"Ciocolată neagră cu umplutură ganache 86g","slug":"100065619-godiva-ciocolata-neagra-cu-umplutura-ganache-86g"}],"activePromotion":{"code":"special-bacanie-bauturi-mar23","name":"Preț redus","targetQuantity":null},"saveMe":null,"labels":[{"type":"v1","items":[{"text":"-7%","backgroundColor":"#FF9903","textColor":"#FFFFFF"}]}],"geniusPrice":null,"geniusUnitPricePerLabel":null,"banner":{"text":"Super preț","textColor":"#FF0000","bgColor":"#FFF2EC","icon":null,"link":"https://www.freshful.ro/oferte/special-bacanie-bauturi-mar23","type":"promo","analyticsEventType":"select_promotion","analyticsEventPayload":{"promotion_id":"special-bacanie-bauturi-mar23","promotion_name":"Prețuri speciale pentru Ziua Femeii"}},"discountLabel":"Economisești 7%","geniusDiscountLabel":null,"badge":null},{"code":"100148363","variantCode":"100148363","name":"Ciocolată amăruie cu alune întregi 85g","slug":"100148363-ion-break-ciocolata-amaruie-cu-alune-intregi-85g","unitPriceLabel":"58,71 Lei/kg","brand":"Ion Break","brandCode":"2915","brandFilterCode":"ion-break-b3009","sku":"100148363","price":4.99,"originalPrice":8.09,"currencyCode":"RON","currency":"Lei","image":{"thumbnail":{"default":"https://cdn.freshful.ro/media/cache/sylius_shop_product_thumbnail/85/73/02d5b61b24cd0c34d766d9f0413e.jpg"},"large":{"default":"https://cdn.freshful.ro/media/cache/freshful_large/85/73/02d5b61b24cd0c34d766d9f0413e.jpg"},"extralarge":{"default":"https://cdn.freshful.ro/media/cache/sylius_shop_product_original/85/73/02d5b61b24cd0c34d766d9f0413e.jpg"}},"label":{"text":"-38%","backgroundColor":"#FF9903","textColor":"#FFFFFF"},"tags":[],"isAvailable":true,"maxAvailableQuantity":72,"maxAllowedQuantity":100,"breadcrumbs":[{"code":"9","name":"Dulciuri & mic dejun","slug":"9-ceva-dulce"},{"code":"905","name":"Bomboane și ciocolată","slug":"905-bomboane-si-ciocolata"},{"code":"90501","name":"Tablete de ciocolată","slug":"90501-tablete-de-ciocolata"},{"code":"100148363","name":"Ciocolată amăruie cu alune întregi 85g","slug":"100148363-ion-break-ciocolata-amaruie-cu-alune-intregi-85g"}],"activePromotion":{"code":"special-bacanie-bauturi-mar23","name":"Preț redus","targetQuantity":null},"saveMe":null,"labels":[{"type":"v1","items":[{"text":"-38%","backgroundColor":"#FF9903","textColor":"#FFFFFF"}]}],"geniusPrice":null,"geniusUnitPricePerLabel":null,"banner":{"text":"Super preț","textColor":"#FF0000","bgColor":"#FFF2EC","icon":null,"link":"https://www.freshful.ro/oferte/special-bacanie-bauturi-mar23","type":"promo","analyticsEventType":"select_promotion","analyticsEventPayload":{"promotion_id":"special-bacanie-bauturi-mar23","promotion_name":"Prețuri speciale pentru Ziua Femeii"}},"discountLabel":"Economisești 38%","geniusDiscountLabel":null,"badge":null},{"code":"100148361","variantCode":"100148361","name":"Ciocolată cu lapte cu alune întregi 85g","slug":"100148361-ion-break-ciocolata-cu-lapte-cu-alune-intregi-85g","unitPriceLabel":"58,71 Lei/kg","brand":"Ion Break","brandCode":"2915","brandFilterCode":"ion-break-b3009","sku":"100148361","price":4.99,"originalPrice":8.09,"currencyCode":"RON","currency":"Lei","image":{"thumbnail":{"default":"https://cdn.freshful.ro/media/cache/sylius_shop_product_thumbnail/fc/9c/f90562f2f98dc09fdce158acbfcf.jpg"},"large":{"default":"https://cdn.freshful.ro/media/cache/freshful_large/fc/9c/f90562f2f98dc09fdce158acbfcf.jpg"},"extralarge":{"default":"https://cdn.freshful.ro/media/cache/sylius_shop_product_original/fc/9c/f90562f2f98dc09fdce158acbfcf.jpg"}},"label":{"text":"-38%","backgroundColor":"#FF9903","textColor":"#FFFFFF"},"tags":[],"isAvailable":true,"maxAvailableQuantity":62,"maxAllowedQuantity":100,"breadcrumbs":[{"code":"9","name":"Dulciuri & mic dejun","slug":"9-ceva-dulce"},{"code":"905","name":"Bomboane și ciocolată","slug":"905-bomboane-si-ciocolata"},{"code":"90501","name":"Tablete de ciocolată","slug":"90501-tablete-de-ciocolata"},{"code":"100148361","name":"Ciocolată cu lapte cu alune întregi 85g","slug":"100148361-ion-break-ciocolata-cu-lapte-cu-alune-intregi-85g"}],"activePromotion":{"code":"special-bacanie-bauturi-mar23","name":"Preț redus","targetQuantity":null},"saveMe":null,"labels":[{"type":"v1","items":[{"text":"-38%","backgroundColor":"#FF9903","textColor":"#FFFFFF"}]}],"geniusPrice":null,"geniusUnitPricePerLabel":null,"banner":{"text":"Super preț","textColor":"#FF0000","bgColor":"#FFF2EC","icon":null,"link":"https://www.freshful.ro/oferte/special-bacanie-bauturi-mar23","type":"promo","analyticsEventType":"select_promotion","analyticsEventPayload":{"promotion_id":"special-bacanie-bauturi-mar23","promotion_name":"Prețuri speciale pentru Ziua Femeii"}},"discountLabel":"Economisești 38%","geniusDiscountLabel":null,"badge":null},{"code":"100070803","variantCode":"100070803","name":"Praline din ciocolată lapte cu cocos 120g","slug":"100070803-heidi-praline-din-ciocolata-lapte-cu-cocos-120g","unitPriceLabel":"108,25 Lei/kg","brand":"Heidi","brandCode":"726","brandFilterCode":"heidi-b727","sku":"100070803","price":12.99,"originalPrice":14.49,"currencyCode":"RON","currency":"Lei","image":{"thumbnail":{"default":"https://cdn.freshful.ro/media/cache/sylius_shop_product_thumbnail/7b/ea/0f14da5bb362482da1ae8ebf2121.jpg"},"large":{"default":"https://cdn.freshful.ro/media/cache/freshful_large/7b/ea/0f14da5bb362482da1ae8ebf2121.jpg"},"extralarge":{"default":"https://cdn.freshful.ro/media/cache/sylius_shop_product_original/7b/ea/0f14da5bb362482da1ae8ebf2121.jpg"}},"label":{"text":"-10%","backgroundColor":"#FF9903","textColor":"#FFFFFF"},"tags":[],"isAvailable":true,"maxAvailableQuantity":29,"maxAllowedQuantity":100,"breadcrumbs":[{"code":"9","name":"Dulciuri & mic dejun","slug":"9-ceva-dulce"},{"code":"905","name":"Bomboane și ciocolată","slug":"905-bomboane-si-ciocolata"},{"code":"90505","name":"Praline de ciocolată","slug":"90505-praline-de-ciocolata"},{"code":"100070803","name":"Praline din ciocolată lapte cu cocos 120g","slug":"100070803-heidi-praline-din-ciocolata-lapte-cu-cocos-120g"}],"activePromotion":{"code":"special-bacanie-bauturi-mar23","name":"Preț redus","targetQuantity":null},"saveMe":null,"labels":[{"type":"v1","items":[{"text":"-10%","backgroundColor":"#FF9903","textColor":"#FFFFFF"}]}],"geniusPrice":null,"geniusUnitPricePerLabel":null,"banner":{"text":"Super preț","textColor":"#FF0000","bgColor":"#FFF2EC","icon":null,"link":"https://www.freshful.ro/oferte/special-bacanie-bauturi-mar23","type":"promo","analyticsEventType":"select_promotion","analyticsEventPayload":{"promotion_id":"special-bacanie-bauturi-mar23","promotion_name":"Prețuri speciale pentru Ziua Femeii"}},"discountLabel":"Economisești 10%","geniusDiscountLabel":null,"badge":null},{"code":"100065627","variantCode":"8690504142584","name":"Ciocolată neagră cu migdale prăjite 60g","slug":"100065627-godiva-ciocolata-neagra-cu-migdale-prajite-60g","unitPriceLabel":"139,83 Lei/kg","brand":"Godiva","brandCode":"1003","brandFilterCode":"godiva-b953","sku":"100065627","price":8.39,"originalPrice":9.49,"currencyCode":"RON","currency":"Lei","image":{"thumbnail":{"default":"https://cdn.freshful.ro/media/cache/sylius_shop_product_thumbnail/07/29/bfbb358a3b819ffd793b6a09de0f.jpg"},"large":{"default":"https://cdn.freshful.ro/media/cache/freshful_large/07/29/bfbb358a3b819ffd793b6a09de0f.jpg"},"extralarge":{"default":"https://cdn.freshful.ro/media/cache/sylius_shop_product_original/07/29/bfbb358a3b819ffd793b6a09de0f.jpg"}},"label":{"text":"-11%","backgroundColor":"#FF9903","textColor":"#FFFFFF"},"tags":[],"isAvailable":true,"maxAvailableQuantity":100,"maxAllowedQuantity":100,"breadcrumbs":[{"code":"9","name":"Dulciuri & mic dejun","slug":"9-ceva-dulce"},{"code":"905","name":"Bomboane și ciocolată","slug":"905-bomboane-si-ciocolata"},{"code":"90501","name":"Tablete de ciocolată","slug":"90501-tablete-de-ciocolata"},{"code":"100065627","name":"Ciocolată neagră cu migdale prăjite 60g","slug":"100065627-godiva-ciocolata-neagra-cu-migdale-prajite-60g"}],"activePromotion":{"code":"special-bacanie-bauturi-mar23","name":"Preț redus","targetQuantity":null},"saveMe":null,"labels":[{"type":"v1","items":[{"text":"-11%","backgroundColor":"#FF9903","textColor":"#FFFFFF"}]}],"geniusPrice":null,"geniusUnitPricePerLabel":null,"banner":{"text":"Super preț","textColor":"#FF0000","bgColor":"#FFF2EC","icon":null,"link":"https://www.freshful.ro/oferte/special-bacanie-bauturi-mar23","type":"promo","analyticsEventType":"select_promotion","analyticsEventPayload":{"promotion_id":"special-bacanie-bauturi-mar23","promotion_name":"Prețuri speciale pentru Ziua Femeii"}},"discountLabel":"Economisești 11%","geniusDiscountLabel":null,"badge":null},{"code":"100065618","variantCode":"8690504153849","name":"Ciocolată cu lapte și umplutură de praline 83g","slug":"100065618-godiva-ciocolata-cu-lapte-si-umplutura-de-praline-83g","unitPriceLabel":"131,33 Lei/kg","brand":"Godiva","brandCode":"1003","brandFilterCode":"godiva-b953","sku":"100065618","price":10.9,"originalPrice":11.99,"currencyCode":"RON","currency":"Lei","image":{"thumbnail":{"default":"https://cdn.freshful.ro/media/cache/sylius_shop_product_thumbnail/27/c1/ec0313b1546d15c723761a309a16.jpg"},"large":{"default":"https://cdn.freshful.ro/media/cache/freshful_large/27/c1/ec0313b1546d15c723761a309a16.jpg"},"extralarge":{"default":"https://cdn.freshful.ro/media/cache/sylius_shop_product_original/27/c1/ec0313b1546d15c723761a309a16.jpg"}},"label":{"text":"-9%","backgroundColor":"#FF9903","textColor":"#FFFFFF"},"tags":[],"isAvailable":true,"maxAvailableQuantity":81,"maxAllowedQuantity":100,"breadcrumbs":[{"code":"9","name":"Dulciuri & mic dejun","slug":"9-ceva-dulce"},{"code":"905","name":"Bomboane și ciocolată","slug":"905-bomboane-si-ciocolata"},{"code":"90501","name":"Tablete de ciocolată","slug":"90501-tablete-de-ciocolata"},{"code":"100065618","name":"Ciocolată cu lapte și umplutură de praline 83g","slug":"100065618-godiva-ciocolata-cu-lapte-si-umplutura-de-praline-83g"}],"activePromotion":{"code":"special-bacanie-bauturi-mar23","name":"Preț redus","targetQuantity":null},"saveMe":null,"labels":[{"type":"v1","items":[{"text":"-9%","backgroundColor":"#FF9903","textColor":"#FFFFFF"}]}],"geniusPrice":null,"geniusUnitPricePerLabel":null,"banner":{"text":"Super preț","textColor":"#FF0000","bgColor":"#FFF2EC","icon":null,"link":"https://www.freshful.ro/oferte/special-bacanie-bauturi-mar23","type":"promo","analyticsEventType":"select_promotion","analyticsEventPayload":{"promotion_id":"special-bacanie-bauturi-mar23","promotion_name":"Prețuri speciale pentru Ziua Femeii"}},"discountLabel":"Economisești 9%","geniusDiscountLabel":null,"badge":null},{"code":"100146109","variantCode":"100146109","name":"Praline Bijou Red Amore&Passion 150g","slug":"100146109-baci-praline-bijou-red-amore-passion-150g","unitPriceLabel":"29,99 Lei/buc","brand":"Baci","brandCode":"2292","brandFilterCode":"baci-b2296","sku":"100146109","price":29.99,"originalPrice":44.99,"currencyCode":"RON","currency":"Lei","image":{"thumbnail":{"default":"https://cdn.freshful.ro/media/cache/sylius_shop_product_thumbnail/43/58/6a4632440a85d23831b07e55b3ab.jpg"},"large":{"default":"https://cdn.freshful.ro/media/cache/freshful_large/43/58/6a4632440a85d23831b07e55b3ab.jpg"},"extralarge":{"default":"https://cdn.freshful.ro/media/cache/sylius_shop_product_original/43/58/6a4632440a85d23831b07e55b3ab.jpg"}},"label":{"text":"-33%","backgroundColor":"#FF9903","textColor":"#FFFFFF"},"tags":[],"isAvailable":true,"maxAvailableQuantity":49,"maxAllowedQuantity":100,"breadcrumbs":[{"code":"9","name":"Dulciuri & mic dejun","slug":"9-ceva-dulce"},{"code":"905","name":"Bomboane și ciocolată","slug":"905-bomboane-si-ciocolata"},{"code":"90505","name":"Praline de ciocolată","slug":"90505-praline-de-ciocolata"},{"code":"100146109","name":"Praline Bijou Red Amore&Passion 150g","slug":"100146109-baci-praline-bijou-red-amore-passion-150g"}],"activePromotion":{"code":"special-bacanie-bauturi-mar23","name":"Preț redus","targetQuantity":null},"saveMe":null,"labels":[{"type":"v1","items":[{"text":"-33%","backgroundColor":"#FF9903","textColor":"#FFFFFF"}]}],"geniusPrice":null,"geniusUnitPricePerLabel":null,"banner":{"text":"Super preț","textColor":"#FF0000","bgColor":"#FFF2EC","icon":null,"link":"https://www.freshful.ro/oferte/special-bacanie-bauturi-mar23","type":"promo","analyticsEventType":"select_promotion","analyticsEventPayload":{"promotion_id":"special-bacanie-bauturi-mar23","promotion_name":"Prețuri speciale pentru Ziua Femeii"}},"discountLabel":"Economisești 33%","geniusDiscountLabel":null,"badge":null}]}],"page":0,"limit":0,"pages":0,"count":0,"siblings":[],"children":[],"products":[],"filters":null,"orderBy":[],"metaTitle":"Dulciuri & mic dejun - Gamă variată","metaDescription":"Vrei Dulciuri & mic dejun? Alege dintr-o gamă variată. Comanzi simplu și ai livrare rapidă, calitate și prospețime. Hai pe Freshful.ro","metaKeywords":null,"banners":[]}}